%% This BibTeX bibliography file was created using BibDesk.
%% http://bibdesk.sourceforge.net/

%% Created for Elisabeth Mills at 2018-03-06 11:45:58 -0500 


%% Saved with string encoding Unicode (UTF-8) 



@article{Follette15,
	Adsnote = {Provided by the SAO/NASA Astrophysics Data System},
	Adsurl = {http://adsabs.harvard.edu/abs/2015arXiv150703997F},
	Archiveprefix = {arXiv},
	Author = {{Follette}, K.~B. and {McCarthy}, D.~W. and {Dokter}, E. and {Buxner}, S. and {Prather}, E.},
	Date-Added = {2017-11-14 04:25:01 +0000},
	Date-Modified = {2017-11-14 04:25:10 +0000},
	Eprint = {1507.03997},
	Journal = {ArXiv e-prints},
	Keywords = {Physics - Physics Education, Astrophysics - Instrumentation and Methods for Astrophysics},
	Month = jul,
	Primaryclass = {physics.ed-ph},
	Title = {{The Quantitative Reasoning for College Science (QuaRCS) Assessment, 1: Development and Validation}},
	Year = 2015}

@article{Efst00,
	Adsnote = {Provided by the SAO/NASA Astrophysics Data System},
	Adsurl = {http://adsabs.harvard.edu/abs/2000MNRAS.317..697E},
	Author = {{Efstathiou}, G.},
	Date-Added = {2017-11-14 00:37:57 +0000},
	Date-Modified = {2017-11-14 00:38:05 +0000},
	Doi = {10.1046/j.1365-8711.2000.03665.x},
	Eprint = {astro-ph/0002245},
	Journal = {\mnras},
	Keywords = {STARS: FORMATION, SUPERNOVAE: GENERAL, SUPERNOVA REMNANTS, GALAXIES: FORMATION, GALAXIES: ISM, GALAXIES: STARBURST},
	Month = sep,
	Pages = {697-719},
	Title = {{A model of supernova feedback in galaxy formation}},
	Volume = 317,
	Year = 2000,
	Bdsk-Url-1 = {http://dx.doi.org/10.1046/j.1365-8711.2000.03665.x}}

@article{Leroy16,
	Adsnote = {Provided by the SAO/NASA Astrophysics Data System},
	Adsurl = {http://adsabs.harvard.edu/abs/2016ApJ...831...16L},
	Archiveprefix = {arXiv},
	Author = {{Leroy}, A.~K. and {Hughes}, A. and {Schruba}, A. and {Rosolowsky}, E. and {Blanc}, G.~A. and {Bolatto}, A.~D. and {Colombo}, D. and {Escala}, A. and {Kramer}, C. and {Kruijssen}, J.~M.~D. and {Meidt}, S. and {Pety}, J. and {Querejeta}, M. and {Sandstrom}, K. and {Schinnerer}, E. and {Sliwa}, K. and {Usero}, A.},
	Date-Added = {2017-11-14 00:35:59 +0000},
	Date-Modified = {2017-11-14 00:36:03 +0000},
	Doi = {10.3847/0004-637X/831/1/16},
	Eid = {16},
	Eprint = {1606.07077},
	Journal = {\apj},
	Keywords = {galaxies: ISM, galaxies: star formation, ISM: clouds, ISM: molecules, ISM: structure},
	Month = nov,
	Pages = {16},
	Title = {{A Portrait of Cold Gas in Galaxies at 60 pc Resolution and a Simple Method to Test Hypotheses That Link Small-scale ISM Structure to Galaxy-scale Processes}},
	Volume = 831,
	Year = 2016,
	Bdsk-Url-1 = {http://dx.doi.org/10.3847/0004-637X/831/1/16}}

@article{Walter16,
	Adsnote = {Provided by the SAO/NASA Astrophysics Data System},
	Adsurl = {http://adsabs.harvard.edu/abs/2016ApJ...833...67W},
	Archiveprefix = {arXiv},
	Author = {{Walter}, F. and {Decarli}, R. and {Aravena}, M. and {Carilli}, C. and {Bouwens}, R. and {da Cunha}, E. and {Daddi}, E. and {Ivison}, R.~J. and {Riechers}, D. and {Smail}, I. and {Swinbank}, M. and {Weiss}, A. and {Anguita}, T. and {Assef}, R. and {Bacon}, R. and {Bauer}, F. and {Bell}, E.~F. and {Bertoldi}, F. and {Chapman}, S. and {Colina}, L. and {Cortes}, P.~C. and {Cox}, P. and {Dickinson}, M. and {Elbaz}, D. and {G{\'o}nzalez-L{\'o}pez}, J. and {Ibar}, E. and {Inami}, H. and {Infante}, L. and {Hodge}, J. and {Karim}, A. and {Le Fevre}, O. and {Magnelli}, B. and {Neri}, R. and {Oesch}, P. and {Ota}, K. and {Popping}, G. and {Rix}, H.-W. and {Sargent}, M. and {Sheth}, K. and {van der Wel}, A. and {van der Werf}, P. and {Wagg}, J.},
	Date-Added = {2017-11-14 00:32:23 +0000},
	Date-Modified = {2017-11-14 00:32:27 +0000},
	Doi = {10.3847/1538-4357/833/1/67},
	Eid = {67},
	Eprint = {1607.06768},
	Journal = {\apj},
	Keywords = {galaxies: evolution, galaxies: ISM, galaxies: high-redshift, galaxies: formation, surveys},
	Month = dec,
	Pages = {67},
	Title = {{ALMA Spectroscopic Survey in the Hubble Ultra Deep Field: Survey Description}},
	Volume = 833,
	Year = 2016,
	Bdsk-Url-1 = {http://dx.doi.org/10.3847/1538-4357/833/1/67}}

@article{Whitaker12,
	Adsnote = {Provided by the SAO/NASA Astrophysics Data System},
	Adsurl = {http://adsabs.harvard.edu/abs/2012ApJ...745..179W},
	Archiveprefix = {arXiv},
	Author = {{Whitaker}, K.~E. and {Kriek}, M. and {van Dokkum}, P.~G. and {Bezanson}, R. and {Brammer}, G. and {Franx}, M. and {Labb{\'e}}, I.},
	Date-Added = {2017-11-14 00:24:36 +0000},
	Date-Modified = {2017-11-14 00:24:40 +0000},
	Doi = {10.1088/0004-637X/745/2/179},
	Eid = {179},
	Eprint = {1112.0313},
	Journal = {\apj},
	Keywords = {galaxies: evolution, galaxies: formation, galaxies: high-redshift},
	Month = feb,
	Pages = {179},
	Title = {{A Large Population of Massive Compact Post-starburst Galaxies at z $\gt$ 1: Implications for the Size Evolution and Quenching Mechanism of Quiescent Galaxies}},
	Volume = 745,
	Year = 2012,
	Bdsk-Url-1 = {http://dx.doi.org/10.1088/0004-637X/745/2/179}}

@article{LB69,
	Adsnote = {Provided by the SAO/NASA Astrophysics Data System},
	Adsurl = {http://adsabs.harvard.edu/abs/1969Natur.223..690L},
	Author = {{Lynden-Bell}, D.},
	Date-Added = {2017-11-14 00:22:03 +0000},
	Date-Modified = {2017-11-14 00:22:06 +0000},
	Doi = {10.1038/223690a0},
	Journal = {\nat},
	Month = aug,
	Pages = {690-694},
	Title = {{Galactic Nuclei as Collapsed Old Quasars}},
	Volume = 223,
	Year = 1969,
	Bdsk-Url-1 = {http://dx.doi.org/10.1038/223690a0}}

@article{DM05,
	Adsnote = {Provided by the SAO/NASA Astrophysics Data System},
	Adsurl = {http://adsabs.harvard.edu/abs/2005Natur.433..604D},
	Author = {{Di Matteo}, T. and {Springel}, V. and {Hernquist}, L.},
	Date-Added = {2017-11-14 00:18:30 +0000},
	Date-Modified = {2017-11-14 00:18:33 +0000},
	Doi = {10.1038/nature03335},
	Eprint = {astro-ph/0502199},
	Journal = {\nat},
	Month = feb,
	Pages = {604-607},
	Title = {{Energy input from quasars regulates the growth and activity of black holes and their host galaxies}},
	Volume = 433,
	Year = 2005,
	Bdsk-Url-1 = {http://dx.doi.org/10.1038/nature03335}}

@article{DS12,
	Adsnote = {Provided by the SAO/NASA Astrophysics Data System},
	Adsurl = {http://adsabs.harvard.edu/abs/2012ApJ...755L..26D},
	Archiveprefix = {arXiv},
	Author = {{Diamond-Stanic}, A.~M. and {Moustakas}, J. and {Tremonti}, C.~A. and {Coil}, A.~L. and {Hickox}, R.~C. and {Robaina}, A.~R. and {Rudnick}, G.~H. and {Sell}, P.~H.},
	Date-Added = {2017-11-14 00:15:00 +0000},
	Date-Modified = {2017-11-14 00:15:06 +0000},
	Doi = {10.1088/2041-8205/755/2/L26},
	Eid = {L26},
	Eprint = {1205.2368},
	Journal = {\apjl},
	Keywords = {galaxies: evolution, galaxies: ISM, galaxies: kinematics and dynamics, galaxies: starburst},
	Month = aug,
	Pages = {L26},
	Primaryclass = {astro-ph.CO},
	Title = {{High-velocity Outflows without AGN Feedback: Eddington-limited Star Formation in Compact Massive Galaxies}},
	Volume = 755,
	Year = 2012,
	Bdsk-Url-1 = {http://dx.doi.org/10.1088/2041-8205/755/2/L26}}

@article{Netzer15,
	Adsnote = {Provided by the SAO/NASA Astrophysics Data System},
	Adsurl = {http://adsabs.harvard.edu/abs/2015ARA%26A..53..365N},
	Archiveprefix = {arXiv},
	Author = {{Netzer}, H.},
	Date-Added = {2017-11-14 00:11:58 +0000},
	Date-Modified = {2017-11-14 00:12:02 +0000},
	Doi = {10.1146/annurev-astro-082214-122302},
	Eprint = {1505.00811},
	Journal = {\araa},
	Month = aug,
	Pages = {365-408},
	Title = {{Revisiting the Unified Model of Active Galactic Nuclei}},
	Volume = 53,
	Year = 2015,
	Bdsk-Url-1 = {http://dx.doi.org/10.1146/annurev-astro-082214-122302}}

@article{Hasinger05,
	Adsnote = {Provided by the SAO/NASA Astrophysics Data System},
	Adsurl = {http://adsabs.harvard.edu/abs/2005A%26A...441..417H},
	Author = {{Hasinger}, G. and {Miyaji}, T. and {Schmidt}, M.},
	Date-Added = {2017-11-14 00:00:03 +0000},
	Date-Modified = {2017-11-14 00:00:08 +0000},
	Doi = {10.1051/0004-6361:20042134},
	Eprint = {astro-ph/0506118},
	Journal = {\aap},
	Keywords = {galaxies: active, X-rays: general},
	Month = oct,
	Pages = {417-434},
	Title = {{Luminosity-dependent evolution of soft X-ray selected AGN. New Chandra and XMM-Newton surveys}},
	Volume = 441,
	Year = 2005,
	Bdsk-Url-1 = {http://dx.doi.org/10.1051/0004-6361:20042134}}

@article{Boyle00,
	Adsnote = {Provided by the SAO/NASA Astrophysics Data System},
	Adsurl = {http://adsabs.harvard.edu/abs/2000MNRAS.317.1014B},
	Author = {{Boyle}, B.~J. and {Shanks}, T. and {Croom}, S.~M. and {Smith}, R.~J. and {Miller}, L. and {Loaring}, N. and {Heymans}, C.},
	Date-Added = {2017-11-13 23:52:12 +0000},
	Date-Modified = {2017-11-13 23:52:17 +0000},
	Doi = {10.1046/j.1365-8711.2000.03730.x},
	Eprint = {astro-ph/0005368},
	Journal = {\mnras},
	Keywords = {METHODS: DATA ANALYSIS, SURVEYS, GALAXIES: ACTIVE, GALAXIES: FUNDAMENTAL PARAMETERS, QUASARS: GENERAL, COSMOLOGY: OBSERVATIONS},
	Month = oct,
	Pages = {1014-1022},
	Title = {{The 2dF QSO Redshift Survey - I. The optical luminosity function of quasi-stellar objects}},
	Volume = 317,
	Year = 2000,
	Bdsk-Url-1 = {http://dx.doi.org/10.1046/j.1365-8711.2000.03730.x}}

@article{Lehmer13,
	Adsnote = {Provided by the SAO/NASA Astrophysics Data System},
	Adsurl = {http://adsabs.harvard.edu/abs/2013ApJ...771..134L},
	Archiveprefix = {arXiv},
	Author = {{Lehmer}, B.~D. and {Wik}, D.~R. and {Hornschemeier}, A.~E. and {Ptak}, A. and {Antoniou}, V. and {Argo}, M.~K. and {Bechtol}, K. and {Boggs}, S. and {Christensen}, F.~E. and {Craig}, W.~W. and {Hailey}, C.~J. and {Harrison}, F.~A. and {Krivonos}, R. and {Leyder}, J.-C. and {Maccarone}, T.~J. and {Stern}, D. and {Venters}, T. and {Zezas}, A. and {Zhang}, W.~W.},
	Date-Added = {2017-11-13 22:10:50 +0000},
	Date-Modified = {2017-11-13 22:10:54 +0000},
	Doi = {10.1088/0004-637X/771/2/134},
	Eid = {134},
	Eprint = {1306.2639},
	Journal = {\apj},
	Keywords = {galaxies: active, galaxies: individual: NGC 253, galaxies: star formation, galaxies: starburst, X-rays: galaxies},
	Month = jul,
	Pages = {134},
	Primaryclass = {astro-ph.HE},
	Title = {{NuSTAR and Chandra Insight into the Nature of the 3-40 keV Nuclear Emission in NGC 253}},
	Volume = 771,
	Year = 2013,
	Bdsk-Url-1 = {http://dx.doi.org/10.1088/0004-637X/771/2/134}}

@article{Juvela12,
	Adsnote = {Provided by the SAO/NASA Astrophysics Data System},
	Adsurl = {http://adsabs.harvard.edu/abs/2012A%26A...538A.133J},
	Archiveprefix = {arXiv},
	Author = {{Juvela}, M. and {Harju}, J. and {Ysard}, N. and {Lunttila}, T.},
	Date-Added = {2017-11-13 18:08:59 +0000},
	Date-Modified = {2017-11-13 18:09:04 +0000},
	Doi = {10.1051/0004-6361/201118257},
	Eid = {A133},
	Eprint = {1201.3062},
	Journal = {\aap},
	Keywords = {ISM: clouds, ISM: molecules, radio lines: ISM, stars: formation, radiative transfer},
	Month = feb,
	Pages = {A133},
	Title = {{Reliability of NH$_{3}$ as the temperature probe of cold cloud cores}},
	Volume = 538,
	Year = 2012,
	Bdsk-Url-1 = {http://dx.doi.org/10.1051/0004-6361/201118257}}

@article{Longmore13b,
	Adsnote = {Provided by the SAO/NASA Astrophysics Data System},
	Adsurl = {http://adsabs.harvard.edu/abs/2013arXiv1304.2397L},
	Archiveprefix = {arXiv},
	Author = {{Longmore}, S.~N. and {Kruijssen}, J.~M.~D. and {Bally}, J. and {Ott}, J. and {Testi}, L. and {Rathborne}, J. and {Bastian}, N. and {Bressert}, E. and {Molinari}, S. and {Battersby}, C. and {Walsh}, A.~J.},
	Date-Added = {2017-11-13 17:47:33 +0000},
	Date-Modified = {2017-11-13 17:47:33 +0000},
	Eprint = {1304.2397},
	Journal = {ArXiv e-prints},
	Keywords = {Astrophysics - Galaxy Astrophysics},
	Month = apr,
	Primaryclass = {astro-ph.GA},
	Title = {{Candidate super star cluster progenitor gas clouds possibly triggered by close passage to Sgr A*}},
	Year = 2013}

@article{vanderTak07,
	Adsnote = {Provided by the SAO/NASA Astrophysics Data System},
	Adsurl = {http://adsabs.harvard.edu/abs/2007A%26A...468..627V},
	Author = {{van der Tak}, F.~F.~S. and {Black}, J.~H. and {Sch{\"o}ier}, F.~L. and {Jansen}, D.~J. and {van Dishoeck}, E.~F.},
	Date-Added = {2017-11-13 16:56:04 +0000},
	Date-Modified = {2017-11-13 16:56:04 +0000},
	Doi = {10.1051/0004-6361:20066820},
	Journal = {\aap},
	Keywords = {radiative transfer, methods: numerical, radio lines: ISM, infrared: ISM, submillimeter},
	Month = jun,
	Pages = {627-635},
	Title = {{A computer program for fast non-LTE analysis of interstellar line spectra. With diagnostic plots to interpret observed line intensity ratios}},
	Volume = 468,
	Year = 2007,
	Bdsk-Url-1 = {http://dx.doi.org/10.1051/0004-6361:20066820}}

@article{Faure16,
	Adsnote = {Provided by the SAO/NASA Astrophysics Data System},
	Adsurl = {http://adsabs.harvard.edu/abs/2016MNRAS.460.2103F},
	Archiveprefix = {arXiv},
	Author = {{Faure}, A. and {Lique}, F. and {Wiesenfeld}, L.},
	Date-Added = {2017-11-13 16:54:19 +0000},
	Date-Modified = {2017-11-13 16:54:23 +0000},
	Doi = {10.1093/mnras/stw1156},
	Eprint = {1605.03786},
	Journal = {\mnras},
	Keywords = {molecular data, molecular processes, scattering, ISM: molecules},
	Month = aug,
	Pages = {2103-2109},
	Title = {{Collisional excitation of HC$_{3}$N by para- and ortho-H$_{2}$}},
	Volume = 460,
	Year = 2016,
	Bdsk-Url-1 = {http://dx.doi.org/10.1093/mnras/stw1156}}

@article{Bouhafs17,
	Adsnote = {Provided by the SAO/NASA Astrophysics Data System},
	Adsurl = {http://adsabs.harvard.edu/abs/2017MNRAS.470.2204B},
	Archiveprefix = {arXiv},
	Author = {{Bouhafs}, N. and {Rist}, C. and {Daniel}, F. and {Dumouchel}, F. and {Lique}, F. and {Wiesenfeld}, L. and {Faure}, A.},
	Date-Added = {2017-11-13 16:53:30 +0000},
	Date-Modified = {2017-11-13 16:53:34 +0000},
	Doi = {10.1093/mnras/stx1331},
	Eprint = {1706.00732},
	Journal = {\mnras},
	Keywords = {molecular data - molecular processes - radiative transfer, ISM: molecules},
	Month = sep,
	Pages = {2204-2211},
	Primaryclass = {physics.chem-ph},
	Title = {{Collisional excitation of NH$_{3}$ by atomic and molecular hydrogen}},
	Volume = 470,
	Year = 2017,
	Bdsk-Url-1 = {http://dx.doi.org/10.1093/mnras/stx1331}}

@article{Kainulainen14,
	Adsnote = {Provided by the SAO/NASA Astrophysics Data System},
	Adsurl = {http://adsabs.harvard.edu/abs/2014Sci...344..183K},
	Archiveprefix = {arXiv},
	Author = {{Kainulainen}, J. and {Federrath}, C. and {Henning}, T.},
	Date-Added = {2017-11-13 16:33:11 +0000},
	Date-Modified = {2017-11-13 16:33:16 +0000},
	Doi = {10.1126/science.1248724},
	Eprint = {1404.2722},
	Journal = {Science},
	Month = apr,
	Pages = {183-185},
	Title = {{Unfolding the Laws of Star Formation: The Density Distribution of Molecular Clouds}},
	Volume = 344,
	Year = 2014,
	Bdsk-Url-1 = {http://dx.doi.org/10.1126/science.1248724}}

@article{Huttem93,
	Abstract = {Maps of the Sgr B2 region covering up to 4' have been made in 5 metastable (J = K) and 4 non-metastable (J > K) NH3 inversion transitions with a 40" resolution. Toward Sgr B2 (M) and (N), spectra of 20 additional inversion transitions have been taken arising from energy levels up to E/k=1340 K above ground. From the NH3 data, we obtained rotational and kinetic temperatures (Tkin), cloud sizes, virial masses, NH3 column densities, spatial densities (n(H2)), and NH3 abundances relative to H2 (X(NH3)). In addition to a cool (Tkin˜20K) component detected at -40km s-1 (presumably a foreground cloud associated with the 3 kpc arm), seven regions containing gas with Tkin≥100 K are identified. All are part of the Sgr B2 molecular complex. (1) A low density (n(H2) ˜1O4 cm-3) molecular cloud at υLSR=5O to 80 km s-1 is shown to be extended over several arcmin in metastable transitions up to at least the (6,6) line. A second cooler component (Trot ˜ 20K) appears to coexist with the warm gas. Together, their area filling factor is almost one. Of all mapped lines from other molecular species, only HC3N emission from the vibrational ground state may arise from the same two gas components. (2) Another warm low density feature, at υLSR ˜ 85 km s-1, is detected in the metastable lines toward Sgr B2 (N) and becomes increasingly prominent as J rises. (3) Toward the peak positions Sgr B2 (M) and (N) the metastable lines with J ≤ 5 show an absorption feature at υLSR ˜ 0 km s-1. (4) A region with υLSR ˜ 65 km s-1 has n(H2) 105 cm-3 and is observed in non-metastable NH3 emission lines. It is centered along a ridge 10" west of the main continuum sources. (5) Three Ori-KL like hot cores are identified, one at υLSR ˜65 km s-1 toward SgrB2 (N) and two, at 55 and 65km s-1 toward Sgr B2(M). Provided that the NH3 inversion lines are thermalized and that the clouds are approximately in virial equilibrium, these are the three most massive hot cores known to exist in the galaxy. With NH3 column densities of order 1021 cm-2, the 55 km s-1 SgrB2 (M) and the 65 km s-1 Sgr B2 (N) cores are particularly outstanding. X(NH3) > 10-5, suggesting that a substantial fraction of the nitrogen is in ammonia. The large number of ultracompact HII (UC HII) regions (≥- 19) indicates that the lifetime of a hot core is only ˜10% of the lifetime of an UC HII region.},
	Author = {S H{\"u}ttemeister and T. L Wilson and C Henkel and R Mauersberger},
	Date-Added = {2017-11-13 16:19:43 +0000},
	Date-Modified = {2017-11-13 16:19:43 +0000},
	Journal = {\aap},
	Keywords = {abundances, center, molecules, formation, interstellar, ISM, stars, SgrB2, individual, interstellar medium, radio lines, Galaxy},
	Local-Url = {file://localhost/Users/Betsy/RESEARCH/Papers/1993/Huttemeister/ASTRONOMY%20AND%20ASTROPHYSICS%20V.276%201993%20Huttemeister.pdf},
	Month = {Sep},
	Pages = {445},
	Pmid = {1993A&A...276..445H},
	Rating = {0},
	Title = {A Multilevel Study of Ammonia in Star Forming Regions - Part Five - the SAGITTARIUS-B2 Region},
	Uri = {papers://1E8CEB0A-7B15-4393-B5D8-EAC8DBF6AAD0/Paper/p1446},
	Url = {http://adsabs.harvard.edu/cgi-bin/nph-data_query?bibcode=1993A%2526A...276..445H&link_type=ABSTRACT},
	Volume = {276},
	Year = {1993},
	Bdsk-File-1 = {YnBsaXN0MDDUAQIDBAUGJCVYJHZlcnNpb25YJG9iamVjdHNZJGFyY2hpdmVyVCR0b3ASAAGGoKgHCBMUFRYaIVUkbnVsbNMJCgsMDxJXTlMua2V5c1pOUy5vYmplY3RzViRjbGFzc6INDoACgAOiEBGABIAFgAdccmVsYXRpdmVQYXRoWWFsaWFzRGF0YV8QXy4uLy4uL1BhcGVyczIvQXJ0aWNsZXMvMTk5My9IdXR0ZW1laXN0ZXIvQVNUUk9OT01ZIEFORCBBU1RST1BIWVNJQ1MgVi4yNzYgMTk5MyBIdXR0ZW1laXN0ZXIucGRm0hcLGBlXTlMuZGF0YU8RAlIAAAAAAlIAAgAABVJ1c3R5AAAAAAAAAAAAAAAAAAAAAAAAAAAAAM8oQChIKwAAABiu4x9BU1RST05PTVkgQU5EIEFTVFJPUCMxOEFGMUYucGRmAAAAAAAAAAAAAAAAAAAAAAAAAAAAAAAAAAAAAAAAAAAAGK8fyRX4FwAAAAAAAAAAAAIABQAACSAAAAAAAAAAAAAAAAAAAAAMSHV0dGVtZWlzdGVyABAACAAAzyiimAAAABEACAAAyRZahwAAAAEAHAAYruMAGJ3iABh8lQAYfJIADNKEAAj9eQACZdkAAgBnUnVzdHk6VXNlcnM6AEVBQ01pbGxzOgBSZXNlYXJjaDoAUGFwZXJzMjoAQXJ0aWNsZXM6ADE5OTM6AEh1dHRlbWVpc3RlcjoAQVNUUk9OT01ZIEFORCBBU1RST1AjMThBRjFGLnBkZgAADgBuADYAQQBTAFQAUgBPAE4ATwBNAFkAIABBAE4ARAAgAEEAUwBUAFIATwBQAEgAWQBTAEkAQwBTACAAVgAuADIANwA2ACAAMQA5ADkAMwAgAEgAdQB0AHQAZQBtAGUAaQBzAHQAZQByAC4AcABkAGYADwAMAAUAUgB1AHMAdAB5ABIAcVVzZXJzL0VBQ01pbGxzL1Jlc2VhcmNoL1BhcGVyczIvQXJ0aWNsZXMvMTk5My9IdXR0ZW1laXN0ZXIvQVNUUk9OT01ZIEFORCBBU1RST1BIWVNJQ1MgVi4yNzYgMTk5MyBIdXR0ZW1laXN0ZXIucGRmAAATAAEvAAAVAAIAD///AACABtIbHB0eWiRjbGFzc25hbWVYJGNsYXNzZXNdTlNNdXRhYmxlRGF0YaMdHyBWTlNEYXRhWE5TT2JqZWN00hscIiNcTlNEaWN0aW9uYXJ5oiIgXxAPTlNLZXllZEFyY2hpdmVy0SYnVHJvb3SAAQAIABEAGgAjAC0AMgA3AEAARgBNAFUAYABnAGoAbABuAHEAcwB1AHcAhACOAPAA9QD9A1MDVQNaA2UDbgN8A4ADhwOQA5UDogOlA7cDugO/AAAAAAAAAgEAAAAAAAAAKAAAAAAAAAAAAAAAAAAAA8E=},
	Bdsk-Url-1 = {http://adsabs.harvard.edu/cgi-bin/nph-data_query?bibcode=1993A%2526A...276..445H&link_type=ABSTRACT}}

@article{Huttem95,
	Abstract = {Measurements of seven metastable NH3 inversion transitions with (J, K) = (8, 8), (9, 9), (10, 10), (11, 11), (12, 12), (13, 13) and (14, 14) are presented. These lines arise from energy levels between approximately 600 K and approximately 2000 K above the ground state, and are found in absorption toward the H II regions SgrB2(M) and (N) at vLSR's between approximately 60 and approximately 82 km/s. Toward SgrB2(N), there is absorption at vLSR approximately 0 km/s also. The metastable ( J = K) inversion lines are collisionally excited, and an analysis indicates that kinetic temperatures are greater than 600 K. The doublet levels are very subthermally excited, with excitation temperatures less than 10 K. Thus, these lines must arise from the low density, n(H2) less than 5 103/cu cm, extended envelope of SgrB2. In addition, we have measured absorption spectra for the v = 0, J = 1 - 0 transition of SiO and the J = 4 - 3 transition of HC3N toward both sources. The absorptions are seen at vLSR's of approximately 0, and between 60 and 85 km/s, although the HC3N absorption SgrB2(N) is weak and blended with emission. LVG analyses of SiO and the HC3N data are consistent with H2 densities less than 5000/cu cm. Both the NH3 and SiO results are consistent with heating by C shocks. These data strongly indicate that the vLSR approximately 0 km/s component is located close to the galactic center.},
	Affiliation = {AA(Harvard-Smithsonian Center for Astrophysics, Cambridge, MA, US), AB(Harvard-Smithsonian Center for Astrophysics, Cambridge, MA, US), AC(Max-Planck-Inst. fuer Radioastronomie, Bonn, Germany), AD(Max-Planck-Inst. fuer Radioastronomie, Bonn, Germany), AE(Max-Planck-Inst. fuer Radioastronomie, Bonn, Germany), AF(Max-Planck-Inst. fuer Radioastronomie, Bonn, Germany)},
	Author = {{H{\"u}ttemeister}, S. and T. L Wilson and R Mauersberger and C Lemme and G Dahmen and C Henkel},
	Date-Added = {2017-11-13 16:19:43 +0000},
	Date-Modified = {2017-11-13 16:19:43 +0000},
	Journal = {Astronomy and Astrophysics (ISSN 0004-6361)},
	Keywords = {INVERSIONS, H II REGIONS, ENERGY LEVELS, INTERSTELLAR MATTER, ABSORPTION SPECTRA, AMMONIA, MOLECULAR CLOUDS, STAR FORMATION, ELECTRON TRANSITIONS},
	Local-Url = {file://localhost/Users/Betsy/RESEARCH/Papers/1995/Huettemeister/Astronomy%20and%20Astrophysics%20(ISSN%200004-6361)%201995%20Huettemeister.pdf},
	Month = {Feb},
	Pages = {667},
	Pmid = {1995A&A...294..667H},
	Rating = {0},
	Title = {A multilevel study of ammonia in star-forming regions. 6: The envelope of Sagittarius B2},
	Uri = {papers://1E8CEB0A-7B15-4393-B5D8-EAC8DBF6AAD0/Paper/p1447},
	Url = {http://adsabs.harvard.edu/cgi-bin/nph-data_query?bibcode=1995A%2526A...294..667H&link_type=ABSTRACT},
	Volume = {294},
	Year = {1995},
	Bdsk-File-1 = {YnBsaXN0MDDUAQIDBAUGJCVYJHZlcnNpb25YJG9iamVjdHNZJGFyY2hpdmVyVCR0b3ASAAGGoKgHCBMUFRYaIVUkbnVsbNMJCgsMDxJXTlMua2V5c1pOUy5vYmplY3RzViRjbGFzc6INDoACgAOiEBGABIAFgAdccmVsYXRpdmVQYXRoWWFsaWFzRGF0YV8QaC4uL1JFU0VBUkNIL1BhcGVycy8xOTk1L0h1ZXR0ZW1laXN0ZXIvQXN0cm9ub215IGFuZCBBc3Ryb3BoeXNpY3MgKElTU04gMDAwNC02MzYxKSAxOTk1IEh1ZXR0ZW1laXN0ZXIucGRm0hcLGBlXTlMuZGF0YU8RAlgAAAAAAlgAAgAABldpY2tldAAAAAAAAAAAAAAAAAAAAAAAAAAAAMNhm/VIKwAAAMQPGB9Bc3Ryb25vbXkgYW5kIEFzdHJvcCNGNTgwOUMucGRmAAAAAAAAAAAAAAAAAAAAAAAAAAAAAAAAAAAAAAAAAAAA9YCcyRXp9AAAAAAAAAAAAAEABQAACSAAAAAAAAAAAAAAAAAAAAANSHVldHRlbWVpc3RlcgAAEAAIAADDYgx1AAAAEQAIAADJFlp0AAAAAQAYAMQPGACb2VsAm7YIAA3jVQALsOEAAHlrAAIAVVdpY2tldDpVc2VyczpCZXRzeTpSRVNFQVJDSDpQYXBlcnM6MTk5NTpIdWV0dGVtZWlzdGVyOkFzdHJvbm9teSBhbmQgQXN0cm9wI0Y1ODA5Qy5wZGYAAA4AhgBCAEEAcwB0AHIAbwBuAG8AbQB5ACAAYQBuAGQAIABBAHMAdAByAG8AcABoAHkAcwBpAGMAcwAgACgASQBTAFMATgAgADAAMAAwADQALQA2ADMANgAxACkAIAAxADkAOQA1ACAASAB1AGUAdAB0AGUAbQBlAGkAcwB0AGUAcgAuAHAAZABmAA8ADgAGAFcAaQBjAGsAZQB0ABIAcVVzZXJzL0JldHN5L1JFU0VBUkNIL1BhcGVycy8xOTk1L0h1ZXR0ZW1laXN0ZXIvQXN0cm9ub215IGFuZCBBc3Ryb3BoeXNpY3MgKElTU04gMDAwNC02MzYxKSAxOTk1IEh1ZXR0ZW1laXN0ZXIucGRmAAATAAEvAAAVAAIADP//AACABtIbHB0eWiRjbGFzc25hbWVYJGNsYXNzZXNdTlNNdXRhYmxlRGF0YaMdHyBWTlNEYXRhWE5TT2JqZWN00hscIiNcTlNEaWN0aW9uYXJ5oiIgXxAPTlNLZXllZEFyY2hpdmVy0SYnVHJvb3SAAQAIABEAGgAjAC0AMgA3AEAARgBNAFUAYABnAGoAbABuAHEAcwB1AHcAhACOAPkA/gEGA2IDZANpA3QDfQOLA48DlgOfA6QDsQO0A8YDyQPOAAAAAAAAAgEAAAAAAAAAKAAAAAAAAAAAAAAAAAAAA9A=},
	Bdsk-Url-1 = {http://adsabs.harvard.edu/cgi-bin/nph-data_query?bibcode=1995A%2526A...294..667H&link_type=ABSTRACT}}

@article{Cecca02,
	Abstract = {We report the first results of the unbiased spectral high resolution survey obtained towards Sgr B2 with the Long Wavelength Spectrometer on board ISO. The survey detected more than one hundreds lines from several molecules. Ammonia is the molecule with the largest number (21) of detected lines in the survey. We detected NH3 transitions from levels with energies from 45 to 500 cm-1. The detected transitions are from both para and ortho ammonia and metastable and non-metastable levels. All the ammonia lines are in absortion against the FIR continuum of Sgr B2. With such a large number of detected lines in such a large range of energy levels, we could very efficiently constrain the main parameters of the absorbing gas layer. The gas is at (700 +/- 100) K and has a density lower than 104 cm-3. The total NH3 column density in the layer is (3+/- 1) x 1016 cm-2, equally shared between ortho and para ammonia. Given the derived relatively high gas temperature and ammonia column density, our observations support the hypothesis previously proposed of a layer of shocked gas between us and Sgr B2. We also discuss previous observations of far infrared line absorption from other molecules, like H2O and HF, in the light of this hot absorbing layer. If the absorption is done by the hot absorbing layer rather than by the warm envelope surrounding Sgr B2, as was previously supposed in order to interpret the mentioned observations, the derived H2O and HF abundances are one order of magitude larger than previously estimated. Yet, the present H2O and HF observations do not allow one to disentangle the absorption from the hot layer against the warm envelope. Our conclusions are hence that care should be applied when interpreting the absorption observations in Sgr B2, as the hot layer clearly seen in the ammonia transitions may substantially contribute to the absorption. ISO is an ESA project with instruments funded by ESA Member States (especially the PI countries: France, Germany, The Netherlands and the United Kingdom) and with the participation of ISAS and NASA.},
	Affiliation = {AA( Observatoire de Bordeaux, BP 89, 33270 Floirac, France; Laboratoire d'Astrophysique, Observatoire de Grenoble - BP 53, 38041 Grenoble Cedex 09, France), AB(Laboratoire d'Astrophysique de Marseille, CNRS {\&} Universit{\'e} de Provence, BP 8, 13376 Marseille Cedex 12, France), AC(Osservatorio di Arcetri, 5 L. go E. Fermi, 50125 Firenze, Italy), AD(Rutherford Appleton Laboratory, Chilton, Didcot OX1 3RH, UK), AE(CESR CNRS-UPS, BP 4346, 31028 Toulouse Cedex 04, France), AF(Rutherford Appleton Laboratory, Chilton,...},
	Author = {C Ceccarelli and J.-P Baluteau and M Walmsley and B. M Swinyard and E Caux and S. D Sidher and P Cox and C Gry and M Kessler and T Prusti},
	Date-Added = {2017-11-13 16:17:02 +0000},
	Date-Modified = {2017-11-13 16:17:02 +0000},
	Doi = {10.1051/0004-6361:20011765},
	Journal = {Astronomy and Astrophysics},
	Keywords = {Techniques: Spectroscopic, Infrared: ISM: Lines and Bands, ISM: INDIVIDUAL: SGR B2, stars: formation},
	Local-Url = {file://localhost/Users/Betsy/RESEARCH/Papers/2002/Ceccarelli/Astronomy%20and%20Astrophysics%202002%20Ceccarelli.pdf},
	Month = {Feb},
	Pages = {603},
	Pmid = {2002A&A...383..603C},
	Rating = {0},
	Title = {ISO ammonia line absorption reveals a layer of hot gas veiling Sgr B2},
	Uri = {papers://1E8CEB0A-7B15-4393-B5D8-EAC8DBF6AAD0/Paper/p1133},
	Url = {http://adsabs.harvard.edu/cgi-bin/nph-data_query?bibcode=2002A%2526A...383..603C&link_type=ABSTRACT},
	Volume = {383},
	Year = {2002},
	Bdsk-File-1 = {YnBsaXN0MDDUAQIDBAUGJCVYJHZlcnNpb25YJG9iamVjdHNZJGFyY2hpdmVyVCR0b3ASAAGGoKgHCBMUFRYaIVUkbnVsbNMJCgsMDxJXTlMua2V5c1pOUy5vYmplY3RzViRjbGFzc6INDoACgAOiEBGABIAFgAdccmVsYXRpdmVQYXRoWWFsaWFzRGF0YV8QPi4uLy4uL1BhcGVyczIvQXJ0aWNsZXMvMjAwMi9DZWNjYXJlbGxpL0EmQSAyMDAyIENlY2NhcmVsbGkucGRm0hcLGBlXTlMuZGF0YU8RAeYAAAAAAeYAAgAABVJ1c3R5AAAAAAAAAAAAAAAAAAAAAAAAAAAAAM8oQChIKwAAABirihdBJkEgMjAwMiBDZWNjYXJlbGxpLnBkZgAAAAAAAAAAAAAAAAAAAAAAAAAAAAAAAAAAAAAAAAAAAAAAAAAAAAAAGKv7x+kDZwAAAAAAAAAAAAIABQAACSAAAAAAAAAAAAAAAAAAAAAKQ2VjY2FyZWxsaQAQAAgAAM8oopgAAAARAAgAAMfpV8cAAAABABwAGKuKABid6wAYfJUAGHySAAzShAAI/XkAAmXZAAIAXVJ1c3R5OlVzZXJzOgBFQUNNaWxsczoAUmVzZWFyY2g6AFBhcGVyczI6AEFydGljbGVzOgAyMDAyOgBDZWNjYXJlbGxpOgBBJkEgMjAwMiBDZWNjYXJlbGxpLnBkZgAADgAwABcAQQAmAEEAIAAyADAAMAAyACAAQwBlAGMAYwBhAHIAZQBsAGwAaQAuAHAAZABmAA8ADAAFAFIAdQBzAHQAeQASAFBVc2Vycy9FQUNNaWxscy9SZXNlYXJjaC9QYXBlcnMyL0FydGljbGVzLzIwMDIvQ2VjY2FyZWxsaS9BJkEgMjAwMiBDZWNjYXJlbGxpLnBkZgATAAEvAAAVAAIAD///AACABtIbHB0eWiRjbGFzc25hbWVYJGNsYXNzZXNdTlNNdXRhYmxlRGF0YaMdHyBWTlNEYXRhWE5TT2JqZWN00hscIiNcTlNEaWN0aW9uYXJ5oiIgXxAPTlNLZXllZEFyY2hpdmVy0SYnVHJvb3SAAQAIABEAGgAjAC0AMgA3AEAARgBNAFUAYABnAGoAbABuAHEAcwB1AHcAhACOAM8A1ADcAsYCyALNAtgC4QLvAvMC+gMDAwgDFQMYAyoDLQMyAAAAAAAAAgEAAAAAAAAAKAAAAAAAAAAAAAAAAAAAAzQ=},
	Bdsk-Url-1 = {http://adsabs.harvard.edu/cgi-bin/nph-data_query?bibcode=2002A%2526A...383..603C&link_type=ABSTRACT},
	Bdsk-Url-2 = {http://dx.doi.org/10.1051/0004-6361:20011765}}

@article{Kruijssen13,
	Adsnote = {Provided by the SAO/NASA Astrophysics Data System},
	Adsurl = {http://adsabs.harvard.edu/abs/2013arXiv1303.6286K},
	Archiveprefix = {arXiv},
	Author = {{Kruijssen}, J.~M.~D. and {Longmore}, S.~N. and {Elmegreen}, B.~G. and {Murray}, N. and {Bally}, J. and {Testi}, L. and {Kennicutt}, Jr., R.~C.},
	Date-Added = {2017-11-13 14:39:08 +0000},
	Date-Modified = {2017-11-13 14:39:08 +0000},
	Eprint = {1303.6286},
	Journal = {ArXiv e-prints},
	Keywords = {Astrophysics - Galaxy Astrophysics, Astrophysics - Cosmology and Extragalactic Astrophysics},
	Month = mar,
	Primaryclass = {astro-ph.GA},
	Title = {{What controls star formation in the central 500 pc of the Galaxy?}},
	Year = 2013}

@article{Mauerhan10,
	Adsnote = {Provided by the SAO/NASA Astrophysics Data System},
	Adsurl = {http://adsabs.harvard.edu/abs/2010ApJ...710..706M},
	Archiveprefix = {arXiv},
	Author = {{Mauerhan}, J.~C. and {Muno}, M.~P. and {Morris}, M.~R. and {Stolovy}, S.~R. and {Cotera}, A.},
	Date-Added = {2017-11-13 14:38:23 +0000},
	Date-Modified = {2017-11-13 14:38:23 +0000},
	Doi = {10.1088/0004-637X/710/1/706},
	Eprint = {0912.1055},
	Journal = {\apj},
	Keywords = {Galaxy: center, infrared: stars, stars: emission-line, Be, stars: Wolf-Rayet, supergiants, X-rays: stars},
	Month = feb,
	Pages = {706-728},
	Primaryclass = {astro-ph.GA},
	Title = {{Near-infrared Counterparts to Chandra X-ray Sources Toward the Galactic Center. II. Discovery of Wolf-Rayet Stars and O Supergiants}},
	Volume = 710,
	Year = 2010,
	Bdsk-Url-1 = {http://dx.doi.org/10.1088/0004-637X/710/1/706}}

@article{Clarkson12,
	Author = {Clarkson, W I and Ghez, A M and Morris, M R and Lu, J R and Stolte, A and McCrady, N and Do, T and Yelda, S},
	Date-Added = {2017-11-13 14:38:15 +0000},
	Date-Modified = {2017-11-13 14:38:15 +0000},
	Journal = {The Astrophysical Journal},
	Month = may,
	Number = {2},
	Pages = {132},
	Title = {{PROPER MOTIONS OF THE ARCHES CLUSTER WITH KECK LASER GUIDE STAR ADAPTIVE OPTICS: THE FIRST KINEMATIC MASS MEASUREMENT OF THE ARCHES}},
	Volume = {751},
	Year = {2012}}

@article{Hussmann12,
	Author = {Hu{\ss}mann, B and Stolte, A and Brandner, W and Gennaro, M and Liermann, A},
	Date-Added = {2017-11-13 14:38:15 +0000},
	Date-Modified = {2017-11-13 14:38:15 +0000},
	Journal = {Astronomy and Astrophysics},
	Month = mar,
	Pages = {A57},
	Title = {{The present-day mass function of the Quintuplet cluster based on proper motion membership}},
	Volume = {540},
	Year = {2012}}

@inproceedings{Yuan16,
	Adsnote = {Provided by the SAO/NASA Astrophysics Data System},
	Adsurl = {http://adsabs.harvard.edu/abs/2016ASSL..440..153Y},
	Author = {{Yuan}, F.},
	Booktitle = {Astrophysics of Black Holes: From Fundamental Aspects to Latest Developments},
	Date-Added = {2017-11-13 14:37:33 +0000},
	Date-Modified = {2017-11-13 14:37:38 +0000},
	Doi = {10.1007/978-3-662-52859-4_4},
	Editor = {{Bambi}, C.},
	Keywords = {Physics},
	Pages = {153},
	Series = {Astrophysics and Space Science Library},
	Title = {{Winds from Black Hole Accretion Flows: Formation and Their Interaction with ISM}},
	Volume = 440,
	Year = 2016,
	Bdsk-Url-1 = {http://dx.doi.org/10.1007/978-3-662-52859-4_4}}

@article{Xie17,
	Adsnote = {Provided by the SAO/NASA Astrophysics Data System},
	Adsurl = {http://adsabs.harvard.edu/abs/2017ApJ...844...42X},
	Archiveprefix = {arXiv},
	Author = {{Xie}, F.-G. and {Yuan}, F. and {Ho}, L.~C.},
	Date-Added = {2017-11-13 14:36:31 +0000},
	Date-Modified = {2017-11-13 14:36:37 +0000},
	Doi = {10.3847/1538-4357/aa7950},
	Eid = {42},
	Eprint = {1705.05037},
	Journal = {\apj},
	Keywords = {accretion, accretion disks, galaxies: active, galaxies: Seyfert},
	Month = jul,
	Pages = {42},
	Primaryclass = {astro-ph.HE},
	Title = {{Radiative Heating in the Kinetic Mode of AGN Feedback}},
	Volume = 844,
	Year = 2017,
	Bdsk-Url-1 = {http://dx.doi.org/10.3847/1538-4357/aa7950}}

@inproceedings{Battersby17,
	Adsnote = {Provided by the SAO/NASA Astrophysics Data System},
	Adsurl = {http://adsabs.harvard.edu/abs/2017IAUS..322...90B},
	Archiveprefix = {arXiv},
	Author = {{Battersby}, C. and {Keto}, E. and {Zhang}, Q. and {Longmore}, S.~N. and {Kruijssen}, J.~M.~D. and {Pillai}, T. and {Kauffmann}, J. and {Walker}, D. and {Lu}, X. and {Ginsburg}, A. and {Bally}, J. and {Mills}, E.~A.~C. and {Henshaw}, J. and {Immer}, K. and {Patel}, N. and {Tolls}, V. and {Walsh}, A. and {Johnston}, K. and {Ho}, L.~C.},
	Booktitle = {The Multi-Messenger Astrophysics of the Galactic Centre},
	Date-Added = {2017-11-13 14:35:06 +0000},
	Date-Modified = {2017-11-13 14:35:13 +0000},
	Doi = {10.1017/S1743921316012266},
	Editor = {{Crocker}, R.~M. and {Longmore}, S.~N. and {Bicknell}, G.~V.},
	Eprint = {1610.05805},
	Keywords = {Galaxy:center, galaxies:ISM, submillimeter, surveys,},
	Month = jan,
	Pages = {90-94},
	Series = {IAU Symposium},
	Title = {{A Brief Update on the CMZoom Survey}},
	Volume = 322,
	Year = 2017,
	Bdsk-Url-1 = {http://dx.doi.org/10.1017/S1743921316012266}}

@article{Dong12,
	Adsnote = {Provided by the SAO/NASA Astrophysics Data System},
	Adsurl = {http://adsabs.harvard.edu/abs/2012MNRAS.425..884D},
	Archiveprefix = {arXiv},
	Author = {{Dong}, H. and {Wang}, Q.~D. and {Morris}, M.~R.},
	Date-Added = {2017-11-13 14:33:36 +0000},
	Date-Modified = {2017-11-13 14:33:36 +0000},
	Doi = {10.1111/j.1365-2966.2012.21200.x},
	Eprint = {1204.6298},
	Journal = {\mnras},
	Keywords = {stars: emission-line, Be, stars: formation, stars: Wolf-Rayet, dust, extinction, H II regions, Galaxy: centre},
	Month = sep,
	Pages = {884-906},
	Primaryclass = {astro-ph.GA},
	Title = {{A multiwavelength study of evolved massive stars in the Galactic Centre}},
	Volume = 425,
	Year = 2012,
	Bdsk-Url-1 = {http://dx.doi.org/10.1111/j.1365-2966.2012.21200.x}}

@article{Cotera99,
	Adsnote = {Provided by the SAO/NASA Astrophysics Data System},
	Adsurl = {http://adsabs.harvard.edu/abs/1999ApJ...510..747C},
	Author = {{Cotera}, A.~S. and {Simpson}, J.~P. and {Erickson}, E.~F. and {Colgan}, S.~W.~J. and {Burton}, M.~G. and {Allen}, D.~A.},
	Date-Added = {2017-11-13 14:33:09 +0000},
	Date-Modified = {2017-11-13 14:33:09 +0000},
	Doi = {10.1086/306595},
	Journal = {\apj},
	Keywords = {GALAXY: CENTER, INFRARED: STARS, STARS: EARLY-TYPE, STARS: WOLF-RAYET},
	Month = jan,
	Pages = {747-758},
	Title = {{Isolated Hot Stars in the Galactic Center Vicinity}},
	Volume = 510,
	Year = 1999,
	Bdsk-Url-1 = {http://dx.doi.org/10.1086/306595}}

@article{Immer16,
	Adsnote = {Provided by the SAO/NASA Astrophysics Data System},
	Adsurl = {http://adsabs.harvard.edu/abs/2016A%26A...595A..94I},
	Archiveprefix = {arXiv},
	Author = {{Immer}, K. and {Kauffmann}, J. and {Pillai}, T. and {Ginsburg}, A. and {Menten}, K.~M.},
	Date-Added = {2017-11-13 14:25:58 +0000},
	Date-Modified = {2017-11-13 14:26:02 +0000},
	Doi = {10.1051/0004-6361/201628777},
	Eid = {A94},
	Eprint = {1607.03535},
	Journal = {\aap},
	Keywords = {Galaxy: center, ISM: molecules, ISM: structure, ISM: clouds, submillimeter: ISM},
	Month = nov,
	Pages = {A94},
	Title = {{Temperature structures in Galactic center clouds. Direct evidence for gas heating via turbulence}},
	Volume = 595,
	Year = 2016,
	Bdsk-Url-1 = {http://dx.doi.org/10.1051/0004-6361/201628777}}

@article{Ferrarese,
	Adsnote = {Provided by the SAO/NASA Astrophysics Data System},
	Adsurl = {http://adsabs.harvard.edu/abs/2000ApJ...539L...9F},
	Author = {{Ferrarese}, L. and {Merritt}, D.},
	Date-Added = {2017-11-13 14:24:42 +0000},
	Date-Modified = {2017-11-13 14:24:42 +0000},
	Doi = {10.1086/312838},
	Eprint = {arXiv:astro-ph/0006053},
	Journal = {\apjl},
	Keywords = {Black Hole Physics, Galaxies: Evolution, Galaxies: Kinematics and Dynamics},
	Month = aug,
	Pages = {L9-L12},
	Title = {{A Fundamental Relation between Supermassive Black Holes and Their Host Galaxies}},
	Volume = 539,
	Year = 2000,
	Bdsk-Url-1 = {http://dx.doi.org/10.1086/312838}}

@article{Gebhardt,
	Adsnote = {Provided by the SAO/NASA Astrophysics Data System},
	Adsurl = {http://adsabs.harvard.edu/abs/2000ApJ...539L..13G},
	Author = {{Gebhardt}, K. and {Bender}, R. and {Bower}, G. and {Dressler}, A. and {Faber}, S.~M. and {Filippenko}, A.~V. and {Green}, R. and {Grillmair}, C. and {Ho}, L.~C. and {Kormendy}, J. and {Lauer}, T.~R. and {Magorrian}, J. and {Pinkney}, J. and {Richstone}, D. and {Tremaine}, S.},
	Date-Added = {2017-11-13 14:24:28 +0000},
	Date-Modified = {2017-11-13 14:24:28 +0000},
	Doi = {10.1086/312840},
	Eprint = {arXiv:astro-ph/0006289},
	Journal = {\apjl},
	Keywords = {Galaxies: General, Galaxies: Nuclei, Galaxies: Statistics},
	Month = aug,
	Pages = {L13-L16},
	Title = {{A Relationship between Nuclear Black Hole Mass and Galaxy Velocity Dispersion}},
	Volume = 539,
	Year = 2000,
	Bdsk-Url-1 = {http://dx.doi.org/10.1086/312840}}

@article{SF12,
	Adsnote = {Provided by the SAO/NASA Astrophysics Data System},
	Adsurl = {http://adsabs.harvard.edu/abs/2012ApJ...753...61S},
	Archiveprefix = {arXiv},
	Author = {{Su}, M. and {Finkbeiner}, D.~P.},
	Date-Added = {2017-11-13 14:23:10 +0000},
	Date-Modified = {2017-11-13 14:23:10 +0000},
	Doi = {10.1088/0004-637X/753/1/61},
	Eid = {61},
	Eprint = {1205.5852},
	Journal = {\apj},
	Keywords = {galaxies: active, galaxies: starburst, gamma rays: galaxies, ISM: jets and outflows},
	Month = jul,
	Pages = {61},
	Primaryclass = {astro-ph.HE},
	Title = {{Evidence for Gamma-Ray Jets in the Milky Way}},
	Volume = 753,
	Year = 2012,
	Bdsk-Url-1 = {http://dx.doi.org/10.1088/0004-637X/753/1/61}}

@article{SSF10,
	Adsnote = {Provided by the SAO/NASA Astrophysics Data System},
	Adsurl = {http://adsabs.harvard.edu/abs/2010ApJ...724.1044S},
	Archiveprefix = {arXiv},
	Author = {{Su}, M. and {Slatyer}, T.~R. and {Finkbeiner}, D.~P.},
	Date-Added = {2017-11-13 14:23:10 +0000},
	Date-Modified = {2017-11-13 14:23:10 +0000},
	Doi = {10.1088/0004-637X/724/2/1044},
	Eprint = {1005.5480},
	Journal = {\apj},
	Keywords = {galaxies: active, galaxies: starburst, gamma rays: diffuse background, ISM: jets and outflows},
	Month = dec,
	Pages = {1044-1082},
	Primaryclass = {astro-ph.HE},
	Title = {{Giant Gamma-ray Bubbles from Fermi-LAT: Active Galactic Nucleus Activity or Bipolar Galactic Wind?}},
	Volume = 724,
	Year = 2010,
	Bdsk-Url-1 = {http://dx.doi.org/10.1088/0004-637X/724/2/1044}}

@article{Ponti10,
	Adsnote = {Provided by the SAO/NASA Astrophysics Data System},
	Adsurl = {http://adsabs.harvard.edu/abs/2010ApJ...714..732P},
	Archiveprefix = {arXiv},
	Author = {{Ponti}, G. and {Terrier}, R. and {Goldwurm}, A. and {Belanger}, G. and {Trap}, G.},
	Date-Added = {2017-11-13 14:22:03 +0000},
	Date-Modified = {2017-11-13 14:22:03 +0000},
	Doi = {10.1088/0004-637X/714/1/732},
	Eprint = {1003.2001},
	Journal = {\apj},
	Keywords = {Galaxy: center, ISM: clouds, X-rays: ISM},
	Month = may,
	Pages = {732-747},
	Primaryclass = {astro-ph.HE},
	Title = {{Discovery of a Superluminal Fe K Echo at the Galactic Center: The Glorious Past of Sgr A* Preserved by Molecular Clouds}},
	Volume = 714,
	Year = 2010,
	Bdsk-Url-1 = {http://dx.doi.org/10.1088/0004-637X/714/1/732}}

@article{Genzel96,
	Adsnote = {Provided by the SAO/NASA Astrophysics Data System},
	Adsurl = {http://adsabs.harvard.edu/abs/1996ApJ...472..153G},
	Author = {{Genzel}, R. and {Thatte}, N. and {Krabbe}, A. and {Kroker}, H. and {Tacconi-Garman}, L.~E.},
	Date-Added = {2017-11-13 14:21:09 +0000},
	Date-Modified = {2017-11-13 14:21:09 +0000},
	Doi = {10.1086/178051},
	Journal = {\apj},
	Keywords = {CELESTIAL MECHANICS, STELLAR DYNAMICS, GALAXY: CENTER, INFRARED: STARS, TECHNIQUES: RADIAL VELOCITIES},
	Month = nov,
	Pages = {153},
	Title = {{The Dark Mass Concentration in the Central Parsec of the Milky Way}},
	Volume = 472,
	Year = 1996,
	Bdsk-Url-1 = {http://dx.doi.org/10.1086/178051}}

@article{Genzel97,
	Adsnote = {Provided by the SAO/NASA Astrophysics Data System},
	Adsurl = {http://adsabs.harvard.edu/abs/1997MNRAS.291..219G},
	Author = {{Genzel}, R. and {Eckart}, A. and {Ott}, T. and {Eisenhauer}, F.},
	Date-Added = {2017-11-13 14:21:09 +0000},
	Date-Modified = {2017-11-13 14:21:09 +0000},
	Journal = {\mnras},
	Keywords = {BLACK HOLE PHYSICS, ASTROMETRY, CELESTIAL MECHANICS, STELLAR DYNAMICS, GALAXY: CENTRE, INFRARED: GENERAL},
	Month = oct,
	Pages = {219-234},
	Title = {{On the nature of the dark mass in the centre of the Milky Way}},
	Volume = 291,
	Year = 1997}

@article{Ghez08,
	Adsnote = {Provided by the SAO/NASA Astrophysics Data System},
	Adsurl = {http://adsabs.harvard.edu/abs/2008ApJ...689.1044G},
	Archiveprefix = {arXiv},
	Author = {{Ghez}, A.~M. and others},
	Date-Added = {2017-11-13 14:21:09 +0000},
	Date-Modified = {2017-11-13 14:21:09 +0000},
	Doi = {10.1086/592738},
	Eprint = {0808.2870},
	Journal = {\apj},
	Keywords = {Black Hole Physics, Galaxy: Center, Galaxy: Kinematics and Dynamics, Infrared: Stars, Techniques: High Anular Resolution},
	Month = dec,
	Pages = {1044-1062},
	Title = {{Measuring Distance and Properties of the Milky Way's Central Supermassive Black Hole with Stellar Orbits}},
	Volume = 689,
	Year = 2008,
	Bdsk-Url-1 = {http://dx.doi.org/10.1086/592738}}

@article{Ghez98,
	Adsnote = {Provided by the SAO/NASA Astrophysics Data System},
	Adsurl = {http://adsabs.harvard.edu/abs/1998ApJ...509..678G},
	Author = {{Ghez}, A.~M. and {Klein}, B.~L. and {Morris}, M. and {Becklin}, E.~E.},
	Date-Added = {2017-11-13 14:21:09 +0000},
	Date-Modified = {2017-11-13 14:21:09 +0000},
	Doi = {10.1086/306528},
	Eprint = {arXiv:astro-ph/9807210},
	Journal = {\apj},
	Keywords = {BLACK HOLE PHYSICS, GALAXY: CENTER, GALAXY: KINEMATICS AND DYNAMICS, INFRARED: STARS, STARS: KINEMATICS, TECHNIQUES: IMAGE PROCESSING},
	Month = dec,
	Pages = {678-686},
	Title = {{High Proper-Motion Stars in the Vicinity of Sagittarius A*: Evidence for a Supermassive Black Hole at the Center of Our Galaxy}},
	Volume = 509,
	Year = 1998,
	Bdsk-Url-1 = {http://dx.doi.org/10.1086/306528}}

@article{Lang01,
	Adsnote = {Provided by the SAO/NASA Astrophysics Data System},
	Adsurl = {http://adsabs.harvard.edu/abs/2001AJ....121.2681L},
	Author = {{Lang}, C.~C. and {Goss}, W.~M. and {Morris}, M.},
	Date-Added = {2017-11-13 14:18:35 +0000},
	Date-Modified = {2017-11-13 14:18:35 +0000},
	Doi = {10.1086/320373},
	Eprint = {arXiv:astro-ph/0102130},
	Journal = {\aj},
	Keywords = {Galaxy: Center, ISM: H II Regions, ISM: Individual: Alphanumeric: G0.10+0.08},
	Month = may,
	Pages = {2681-2705},
	Title = {{A VLA H92{$\alpha$} Recombination Line Study of the Arched Filament H II Complex Near the Galactic Center}},
	Volume = 121,
	Year = 2001,
	Bdsk-Url-1 = {http://dx.doi.org/10.1086/320373}}

@article{Lang97,
	Author = {Lang, Cornelia C and Goss, W M and Wood, Douglas O S},
	Date-Added = {2017-11-13 14:18:31 +0000},
	Date-Modified = {2017-11-13 14:18:31 +0000},
	Journal = {Astrophysical Journal v.474},
	Pages = {275},
	Title = {{VLA H92 alpha and H115 beta Recombination Line Observations of the Galactic Center H II Regions: The Sickle (G0.18-0.04) and the Pistol (G0.15-0.05)}},
	Volume = {474},
	Year = {1997}}

@article{RF04,
	Adsnote = {Provided by the SAO/NASA Astrophysics Data System},
	Adsurl = {http://adsabs.harvard.edu/abs/2004A%26A...427..217R},
	Author = {{Rodr{\'{\i}}guez-Fern{\'a}ndez}, N.~J. and {Mart{\'{\i}}n-Pintado}, J. and {Fuente}, A. and {Wilson}, T.~L.},
	Date-Added = {2017-11-13 14:17:28 +0000},
	Date-Modified = {2017-11-13 14:17:28 +0000},
	Doi = {10.1051/0004-6361:20041370},
	Eprint = {arXiv:astro-ph/0407479},
	Journal = {\aap},
	Keywords = {ISM: lines and bands, infrared: galaxies, galaxies: ISM, Galaxy: center, ISM: dust, extinction},
	Month = nov,
	Pages = {217-229},
	Title = {{ISO observations of the Galactic center interstellar medium. Neutral gas and dust}},
	Volume = 427,
	Year = 2004,
	Bdsk-Url-1 = {http://dx.doi.org/10.1051/0004-6361:20041370}}

@article{Wilson82,
	Adsnote = {Provided by the SAO/NASA Astrophysics Data System},
	Adsurl = {http://adsabs.harvard.edu/abs/1982A%26A...115..185W},
	Author = {{Wilson}, T.~L. and {Ruf}, K. and {Walmsley}, C.~M. and {Martin}, R.~N. and {Batrla}, W. and {Pauls}, T.~A.},
	Date-Added = {2017-11-13 14:17:09 +0000},
	Date-Modified = {2017-11-13 14:17:09 +0000},
	Journal = {\aap},
	Keywords = {ABSORPTION SPECTRA, AMMONIA, LINE SPECTRA, MOLECULAR CLOUDS, MOLECULAR SPECTRA, GALACTIC NUCLEI, GAS TEMPERATURE, HYDROGEN CLOUDS, METASTABLE STATE, MOLECULAR EXCITATION},
	Month = nov,
	Pages = {185-189},
	Title = {{Detection of the /8,8/ and /9,9/ absorption lines of ammonia - The hot molecular cloud toward SGR B2}},
	Volume = 115,
	Year = 1982}

@article{Boehle16,
	Author = {Boehle, A and Ghez, A M and Sch{\"o}del, R and Meyer, L and Yelda, S and Albers, S and Martinez, G D and Becklin, E E and Do, T and Lu, J R and Matthews, K and Morris, M R and Sitarski, B and Witzel, G},
	Date-Added = {2017-11-13 14:16:00 +0000},
	Date-Modified = {2017-11-13 14:16:00 +0000},
	Journal = {\apj},
	Month = sep,
	Number = {1},
	Pages = {1--23},
	Title = {{AN IMPROVED DISTANCE AND MASS ESTIMATE FOR SGR A* FROM A MULTISTAR ORBIT ANALYSIS}},
	Volume = {830},
	Year = {2016}}

@article{FK17,
	Adsnote = {Provided by the SAO/NASA Astrophysics Data System},
	Adsurl = {http://adsabs.harvard.edu/abs/2017MNRAS.466.4040F},
	Archiveprefix = {arXiv},
	Author = {{Feldmeier-Krause}, A. and {Zhu}, L. and {Neumayer}, N. and {van de Ven}, G. and {de Zeeuw}, P.~T. and {Sch{\"o}del}, R.},
	Date-Added = {2017-11-13 02:07:34 +0000},
	Date-Modified = {2017-11-13 02:07:40 +0000},
	Doi = {10.1093/mnras/stw3377},
	Eprint = {1701.01583},
	Journal = {\mnras},
	Keywords = {Galaxy: center, kinematics and dynamics, Galaxy: centre, Galaxy: kinematics and dynamics},
	Month = apr,
	Pages = {4040-4052},
	Title = {{Triaxial orbit-based modelling of the Milky Way Nuclear Star Cluster}},
	Volume = 466,
	Year = 2017,
	Bdsk-Url-1 = {http://dx.doi.org/10.1093/mnras/stw3377}}

@article{Mills17b,
	Adsnote = {Provided by the SAO/NASA Astrophysics Data System},
	Adsurl = {http://adsabs.harvard.edu/abs/2017arXiv170104826M},
	Archiveprefix = {arXiv},
	Author = {{Mills}, E.~A.~C. and {Togi}, A. and {Kaufman}, M.},
	Date-Added = {2017-11-13 00:16:43 +0000},
	Date-Modified = {2017-11-13 00:16:47 +0000},
	Eprint = {1701.04826},
	Journal = {ArXiv e-prints},
	Keywords = {Astrophysics - Astrophysics of Galaxies},
	Month = jan,
	Title = {{Hot Molecular Gas in the Circumnuclear Disk}},
	Year = 2017}

@article{Mills17a,
	Adsnote = {Provided by the SAO/NASA Astrophysics Data System},
	Adsurl = {http://adsabs.harvard.edu/abs/2017ApJ...835...76M},
	Archiveprefix = {arXiv},
	Author = {{Mills}, E.~A.~C. and {Battersby}, C.},
	Date-Added = {2017-11-13 00:15:53 +0000},
	Date-Modified = {2017-11-13 00:15:57 +0000},
	Doi = {10.3847/1538-4357/835/1/76},
	Eid = {76},
	Eprint = {1701.04822},
	Journal = {\apj},
	Keywords = {galaxies: ISM, Galaxy: center, ISM: abundances, submillimeter: ISM},
	Month = jan,
	Pages = {76},
	Title = {{Origins of Scatter in the Relationship between HCN 1-0 and Dense Gas Mass in the Galactic Center}},
	Volume = 835,
	Year = 2017,
	Bdsk-Url-1 = {http://dx.doi.org/10.3847/1538-4357/835/1/76}}

@article{Nummelin00,
	Adsnote = {Provided by the SAO/NASA Astrophysics Data System},
	Adsurl = {http://adsabs.harvard.edu/abs/2000ApJS..128..213N},
	Author = {{Nummelin}, A. and {Bergman}, P. and {Hjalmarson}, {\AA}. and {Friberg}, P. and {Irvine}, W.~M. and {Millar}, T.~J. and {Ohishi}, M. and {Saito}, S.},
	Date-Added = {2017-11-12 19:51:01 +0000},
	Date-Modified = {2017-11-12 19:51:01 +0000},
	Doi = {10.1086/313376},
	Journal = {\apjs},
	Keywords = {Galaxy: Center, ISM: Abundances, ISM: Individual: Name: Sagittarius B2, ISM: Molecules, Radio Lines: ISM, Surveys},
	Month = may,
	Pages = {213-243},
	Title = {{A Three-Position Spectral Line Survey of Sagittarius B2 between 218 and 263 GHZ. II. Data Analysis}},
	Volume = 128,
	Year = 2000,
	Bdsk-Url-1 = {http://dx.doi.org/10.1086/313376}}

@article{Partnership15b,
	Adsnote = {Provided by the SAO/NASA Astrophysics Data System},
	Adsurl = {http://adsabs.harvard.edu/abs/2015ApJ...808L...4A},
	Archiveprefix = {arXiv},
	Author = {{ALMA Partnership} and {Vlahakis}, C. and {Hunter}, T.~R. and {Hodge}, J.~A. and {P{\'e}rez}, L.~M. and {Andreani}, P. and {Brogan}, C.~L. and {Cox}, P. and {Martin}, S. and {Zwaan}, M. and {Matsushita}, S. and {Dent}, W.~R.~F. and {Impellizzeri}, C.~M.~V. and {Fomalont}, E.~B. and {Asaki}, Y. and {Barkats}, D. and {Hills}, R.~E. and {Hirota}, A. and {Kneissl}, R. and {Liuzzo}, E. and {Lucas}, R. and {Marcelino}, N. and {Nakanishi}, K. and {Phillips}, N. and {Richards}, A.~M.~S. and {Toledo}, I. and {Aladro}, R. and {Broguiere}, D. and {Cortes}, J.~R. and {Cortes}, P.~C. and {Espada}, D. and {Galarza}, F. and {Garcia-Appadoo}, D. and {Guzman-Ramirez}, L. and {Hales}, A.~S. and {Humphreys}, E.~M. and {Jung}, T. and {Kameno}, S. and {Laing}, R.~A. and {Leon}, S. and {Marconi}, G. and {Mignano}, A. and {Nikolic}, B. and {Nyman}, L.-A. and {Radiszcz}, M. and {Remijan}, A. and {Rod{\'o}n}, J.~A. and {Sawada}, T. and {Takahashi}, S. and {Tilanus}, R.~P.~J. and {Vila Vilaro}, B. and {Watson}, L.~C. and {Wiklind}, T. and {Ao}, Y. and {Di Francesco}, J. and {Hatsukade}, B. and {Hatziminaoglou}, E. and {Mangum}, J. and {Matsuda}, Y. and {van Kampen}, E. and {Wootten}, A. and {de Gregorio-Monsalvo}, I. and {Dumas}, G. and {Francke}, H. and {Gallardo}, J. and {Garcia}, J. and {Gonzalez}, S. and {Hill}, T. and {Iono}, D. and {Kaminski}, T. and {Karim}, A. and {Krips}, M. and {Kurono}, Y. and {Lonsdale}, C. and {Lopez}, C. and {Morales}, F. and {Plarre}, K. and {Videla}, L. and {Villard}, E. and {Hibbard}, J.~E. and {Tatematsu}, K.},
	Date-Added = {2017-11-12 18:41:50 +0000},
	Date-Modified = {2017-11-12 18:41:59 +0000},
	Doi = {10.1088/2041-8205/808/1/L4},
	Eid = {L4},
	Eprint = {1503.02652},
	Journal = {\apjl},
	Keywords = {galaxies: high-redshift, galaxies: individual: HATLAS J090311.6+003906, gravitational lensing: strong, submillimeter: galaxies, techniques: high angular resolution, techniques: interferometric},
	Month = jul,
	Pages = {L4},
	Title = {{The 2014 ALMA Long Baseline Campaign: Observations of the Strongly Lensed Submillimeter Galaxy HATLAS J090311.6+003906 at z = 3.042}},
	Volume = 808,
	Year = 2015,
	Bdsk-Url-1 = {http://dx.doi.org/10.1088/2041-8205/808/1/L4}}

@article{Partnership15,
	Adsnote = {Provided by the SAO/NASA Astrophysics Data System},
	Adsurl = {http://adsabs.harvard.edu/abs/2015ApJ...808L...3A},
	Archiveprefix = {arXiv},
	Author = {{ALMA Partnership} and {Brogan}, C.~L. and {P{\'e}rez}, L.~M. and {Hunter}, T.~R. and {Dent}, W.~R.~F. and {Hales}, A.~S. and {Hills}, R.~E. and {Corder}, S. and {Fomalont}, E.~B. and {Vlahakis}, C. and {Asaki}, Y. and {Barkats}, D. and {Hirota}, A. and {Hodge}, J.~A. and {Impellizzeri}, C.~M.~V. and {Kneissl}, R. and {Liuzzo}, E. and {Lucas}, R. and {Marcelino}, N. and {Matsushita}, S. and {Nakanishi}, K. and {Phillips}, N. and {Richards}, A.~M.~S. and {Toledo}, I. and {Aladro}, R. and {Broguiere}, D. and {Cortes}, J.~R. and {Cortes}, P.~C. and {Espada}, D. and {Galarza}, F. and {Garcia-Appadoo}, D. and {Guzman-Ramirez}, L. and {Humphreys}, E.~M. and {Jung}, T. and {Kameno}, S. and {Laing}, R.~A. and {Leon}, S. and {Marconi}, G. and {Mignano}, A. and {Nikolic}, B. and {Nyman}, L.-A. and {Radiszcz}, M. and {Remijan}, A. and {Rod{\'o}n}, J.~A. and {Sawada}, T. and {Takahashi}, S. and {Tilanus}, R.~P.~J. and {Vila Vilaro}, B. and {Watson}, L.~C. and {Wiklind}, T. and {Akiyama}, E. and {Chapillon}, E. and {de Gregorio-Monsalvo}, I. and {Di Francesco}, J. and {Gueth}, F. and {Kawamura}, A. and {Lee}, C.-F. and {Nguyen Luong}, Q. and {Mangum}, J. and {Pietu}, V. and {Sanhueza}, P. and {Saigo}, K. and {Takakuwa}, S. and {Ubach}, C. and {van Kempen}, T. and {Wootten}, A. and {Castro-Carrizo}, A. and {Francke}, H. and {Gallardo}, J. and {Garcia}, J. and {Gonzalez}, S. and {Hill}, T. and {Kaminski}, T. and {Kurono}, Y. and {Liu}, H.-Y. and {Lopez}, C. and {Morales}, F. and {Plarre}, K. and {Schieven}, G. and {Testi}, L. and {Videla}, L. and {Villard}, E. and {Andreani}, P. and {Hibbard}, J.~E. and {Tatematsu}, K.},
	Date-Added = {2017-11-12 18:41:05 +0000},
	Date-Modified = {2017-11-12 18:41:09 +0000},
	Doi = {10.1088/2041-8205/808/1/L3},
	Eid = {L3},
	Eprint = {1503.02649},
	Journal = {\apjl},
	Keywords = {protoplanetary disks, stars: formation, stars: individual: HL Tau, XZ Tau, LkH{$\alpha$}358, submillimeter: planetary systems, techniques: interferometric},
	Month = jul,
	Pages = {L3},
	Primaryclass = {astro-ph.SR},
	Title = {{The 2014 ALMA Long Baseline Campaign: First Results from High Angular Resolution Observations toward the HL Tau Region}},
	Volume = 808,
	Year = 2015,
	Bdsk-Url-1 = {http://dx.doi.org/10.1088/2041-8205/808/1/L3}}

@article{Jones13,
	Adsnote = {Provided by the SAO/NASA Astrophysics Data System},
	Adsurl = {http://adsabs.harvard.edu/abs/2013MNRAS.433..221J},
	Archiveprefix = {arXiv},
	Author = {{Jones}, P.~A. and {Burton}, M.~G. and {Cunningham}, M.~R. and {Tothill}, N.~F.~H. and {Walsh}, A.~J.},
	Date-Added = {2017-11-12 18:39:34 +0000},
	Date-Modified = {2017-11-12 18:39:34 +0000},
	Doi = {10.1093/mnras/stt717},
	Eprint = {1304.7076},
	Journal = {\mnras},
	Keywords = {ISM: kinematics and dynamics, ISM: molecules, radio lines: ISM},
	Month = jul,
	Pages = {221-234},
	Title = {{Spectral imaging of the central molecular zone in multiple 7-mm molecular lines}},
	Volume = 433,
	Year = 2013,
	Bdsk-Url-1 = {http://dx.doi.org/10.1093/mnras/stt717}}

@article{Privon15,
	Adsnote = {Provided by the SAO/NASA Astrophysics Data System},
	Adsurl = {http://adsabs.harvard.edu/abs/2015ApJ...814...39P},
	Archiveprefix = {arXiv},
	Author = {{Privon}, G.~C. and {Herrero-Illana}, R. and {Evans}, A.~S. and {Iwasawa}, K. and {Perez-Torres}, M.~A. and {Armus}, L. and {D{\'{\i}}az-Santos}, T. and {Murphy}, E.~J. and {Stierwalt}, S. and {Aalto}, S. and {Mazzarella}, J.~M. and {Barcos-Mu{\~n}oz}, L. and {Borish}, H.~J. and {Inami}, H. and {Kim}, D.-C. and {Treister}, E. and {Surace}, J.~A. and {Lord}, S. and {Conway}, J. and {Frayer}, D.~T. and {Alberdi}, A.},
	Date-Added = {2017-11-12 18:39:16 +0000},
	Date-Modified = {2017-11-12 18:39:16 +0000},
	Doi = {10.1088/0004-637X/814/1/39},
	Eid = {39},
	Eprint = {1509.07512},
	Journal = {\apj},
	Keywords = {galaxies: active, galaxies: ISM, galaxies: starburst},
	Month = nov,
	Pages = {39},
	Title = {{Excitation Mechanisms for HCN (1-0) and HCO+ (1-0) in Galaxies from the Great Observatories All-sky LIRG Survey}},
	Volume = 814,
	Year = 2015,
	Bdsk-Url-1 = {http://dx.doi.org/10.1088/0004-637X/814/1/39}}

@article{Meier15,
	Adsnote = {Provided by the SAO/NASA Astrophysics Data System},
	Adsurl = {http://adsabs.harvard.edu/abs/2015ApJ...801...63M},
	Archiveprefix = {arXiv},
	Author = {{Meier}, D.~S. and {Walter}, F. and {Bolatto}, A.~D. and {Leroy}, A.~K. and {Ott}, J. and {Rosolowsky}, E. and {Veilleux}, S. and {Warren}, S.~R. and {Wei{\ss}}, A. and {Zwaan}, M.~A. and {Zschaechner}, L.~K.},
	Date-Added = {2017-11-12 18:38:59 +0000},
	Date-Modified = {2017-11-12 18:38:59 +0000},
	Doi = {10.1088/0004-637X/801/1/63},
	Eid = {63},
	Eprint = {1501.05694},
	Journal = {\apj},
	Keywords = {astrochemistry, galaxies: evolution, galaxies: formation, galaxies: individual: NGC 253, radio lines: ISM},
	Month = mar,
	Pages = {63},
	Title = {{ALMA Multi-line Imaging of the Nearby Starburst NGC 253}},
	Volume = 801,
	Year = 2015,
	Bdsk-Url-1 = {http://dx.doi.org/10.1088/0004-637X/801/1/63}}

@article{Harada15,
	Adsnote = {Provided by the SAO/NASA Astrophysics Data System},
	Adsurl = {http://adsabs.harvard.edu/abs/2015A%26A...584A.102H},
	Archiveprefix = {arXiv},
	Author = {{Harada}, N. and {Riquelme}, D. and {Viti}, S. and {Jim{\'e}nez-Serra}, I. and {Requena-Torres}, M.~A. and {Menten}, K.~M. and {Mart{\'{\i}}n}, S. and {Aladro}, R. and {Martin-Pintado}, J. and {Hochg{\"u}rtel}, S.},
	Date-Added = {2017-11-12 18:38:04 +0000},
	Date-Modified = {2017-11-12 18:38:04 +0000},
	Doi = {10.1051/0004-6361/201526994},
	Eid = {A102},
	Eprint = {1510.02904},
	Journal = {\aap},
	Keywords = {ISM: molecules, Galaxy: center},
	Month = dec,
	Pages = {A102},
	Title = {{Chemical features in the circumnuclear disk of the Galactic center}},
	Volume = 584,
	Year = 2015,
	Bdsk-Url-1 = {http://dx.doi.org/10.1051/0004-6361/201526994}}

@article{Gorski17,
	Adsnote = {Provided by the SAO/NASA Astrophysics Data System},
	Adsurl = {http://adsabs.harvard.edu/abs/2017ApJ...842..124G},
	Archiveprefix = {arXiv},
	Author = {{Gorski}, M. and {Ott}, J. and {Rand}, R. and {Meier}, D.~S. and {Momjian}, E. and {Schinnerer}, E.},
	Date-Added = {2017-11-12 18:33:36 +0000},
	Date-Modified = {2017-11-12 18:33:41 +0000},
	Doi = {10.3847/1538-4357/aa74af},
	Eid = {124},
	Eprint = {1705.07103},
	Journal = {\apj},
	Keywords = {galaxies: individual: NGC 253, galaxies: ISM, galaxies: nuclei, galaxies: starburst, ISM: molecules, radio lines: galaxies},
	Month = jun,
	Pages = {124},
	Title = {{Survey of Water and Ammonia in Nearby Galaxies (SWAN): Resolved Ammonia Thermometry, and Water and Methanol Masers in the Nuclear Starburst of NGC 253}},
	Volume = 842,
	Year = 2017,
	Bdsk-Url-1 = {http://dx.doi.org/10.3847/1538-4357/aa74af}}

@article{Csengeri16,
	Adsnote = {Provided by the SAO/NASA Astrophysics Data System},
	Adsurl = {http://adsabs.harvard.edu/abs/2016A%26A...585A.104C},
	Archiveprefix = {arXiv},
	Author = {{Csengeri}, T. and {Weiss}, A. and {Wyrowski}, F. and {Menten}, K.~M. and {Urquhart}, J.~S. and {Leurini}, S. and {Schuller}, F. and {Beuther}, H. and {Bontemps}, S. and {Bronfman}, L. and {Henning}, T. and {Schneider}, N.},
	Date-Added = {2017-11-12 18:31:46 +0000},
	Date-Modified = {2017-11-12 18:31:50 +0000},
	Doi = {10.1051/0004-6361/201526639},
	Eid = {A104},
	Eprint = {1511.07145},
	Journal = {\aap},
	Keywords = {surveys, submillimeter: ISM, stars: formation, ISM: structure, Galaxy: structure},
	Month = jan,
	Pages = {A104},
	Primaryclass = {astro-ph.SR},
	Title = {{The ATLASGAL survey: distribution of cold dust in the Galactic plane. Combination with Planck data}},
	Volume = 585,
	Year = 2016,
	Bdsk-Url-1 = {http://dx.doi.org/10.1051/0004-6361/201526639}}

@article{Battersby11,
	Adsnote = {Provided by the SAO/NASA Astrophysics Data System},
	Adsurl = {http://adsabs.harvard.edu/abs/2011A%26A...535A.128B},
	Archiveprefix = {arXiv},
	Author = {{Battersby}, C. and {Bally}, J. and {Ginsburg}, A. and {Bernard}, J.-P. and {Brunt}, C. and {Fuller}, G.~A. and {Martin}, P. and {Molinari}, S. and {Mottram}, J. and {Peretto}, N. and {Testi}, L. and {Thompson}, M.~A.},
	Date-Added = {2017-11-12 18:31:11 +0000},
	Date-Modified = {2017-11-12 18:31:11 +0000},
	Doi = {10.1051/0004-6361/201116559},
	Eid = {A128},
	Eprint = {1101.4654},
	Journal = {\aap},
	Keywords = {stars: formation, dust, extinction, Galaxy: structure},
	Month = nov,
	Pages = {A128},
	Title = {{Characterizing precursors to stellar clusters with Herschel}},
	Volume = 535,
	Year = 2011,
	Bdsk-Url-1 = {http://dx.doi.org/10.1051/0004-6361/201116559}}

@article{PP00,
	Abstract = {We present first results from a submillimeter continuum survey of the Galactic center ``central molecular zone'' (CMZ), made with the Submillimeter Common-User Bolometer Array (SCUBA) on the James Clerk Maxwell Telescope. SCUBA's scan-map mode has allowed us to make extremely wide field maps of thermal dust emission with unprecedented speed and sensitivity. We also discuss some issues related to the elimination of artifacts in scan-map data. Our simultaneous 850/450 μm maps have a total size of approximately 2.8d×0.5d (400×75 pc) elongated along the Galactic plane. They cover the Sagittarius A region, including Sgr A*, the circumnuclear disk, and the 20 and 50 km s-1 clouds; the area around the Pistol; Sgr B2, the brightest feature on the maps; and at their Galactic western and eastern edges the Sgr C and Sgr D regions. There are many striking features such as filaments and shell-like structures as well as point sources such as Sgr A* itself. The total mass in the CMZ is greater than that revealed in previous optically thin molecular line maps by a factor of ~3, and new details are revealed on scales down to 0.33 pc across this 400 pc-wide region.},
	Affiliation = {AA(; Cavendish Astrophysics, Cavendish Laboratory, Madingley Road, Cambridge, CB3 0HE, England, UK.), AB(; Cavendish Astrophysics, Cavendish Laboratory, Madingley Road, Cambridge, CB3 0HE, England, UK.), AC(; Joint Astronomy Centre, 660 North A'oh{\=o}k{\=u} Place, Hilo, HI 96720.), AD(; Joint Astronomy Centre, 660 North A'oh{\=o}k{\=u} Place, Hilo, HI 96720.), AE(; Joint Astronomy Centre, 660 North A'oh{\=o}k{\=u} Place, Hilo, HI 96720.), AF(; Cavendish Astrophysics, Cavendish Laboratory, Madingley Road, Cambridge, CB3 0HE, Engla...},
	Author = {D Pierce-Price and others},
	Date-Added = {2017-11-12 18:30:47 +0000},
	Date-Modified = {2017-11-12 18:30:47 +0000},
	Doi = {10.1086/317884},
	Journal = {The Astrophysical Journal},
	Keywords = {ISM: Clouds, Submillimeter, ISM: Structure, Extinction, Galaxy: Center, ISM: Dust, Techniques: Image Processing},
	Local-Url = {file://localhost/Users/Betsy/RESEARCH/Papers/2000/Pierce-Price/The%20Astrophysical%20Journal%202000%20Pierce-Price.pdf},
	Month = {Dec},
	Pages = {L121},
	Pmid = {2000ApJ...545L.121P},
	Rating = {0},
	Title = {A Deep Submillimeter Survey of the Galactic Center},
	Uri = {papers://1E8CEB0A-7B15-4393-B5D8-EAC8DBF6AAD0/Paper/p895},
	Url = {http://adsabs.harvard.edu/cgi-bin/nph-data_query?bibcode=2000ApJ...545L.121P&link_type=ABSTRACT},
	Volume = {545},
	Year = {2000},
	Bdsk-File-1 = {YnBsaXN0MDDUAQIDBAUGJCVYJHZlcnNpb25YJG9iamVjdHNZJGFyY2hpdmVyVCR0b3ASAAGGoKgHCBMUFRYaIVUkbnVsbNMJCgsMDxJXTlMua2V5c1pOUy5vYmplY3RzViRjbGFzc6INDoACgAOiEBGABIAFgAdccmVsYXRpdmVQYXRoWWFsaWFzRGF0YV8QQi4uLy4uL1BhcGVyczIvQXJ0aWNsZXMvMjAwMC9QaWVyY2UtUHJpY2UvQXBKIDIwMDAgUGllcmNlLVByaWNlLnBkZtIXCxgZV05TLmRhdGFPEQH0AAAAAAH0AAIAAAVSdXN0eQAAAAAAAAAAAAAAAAAAAAAAAAAAAADPKEAoSCsAAAAYrJUZQXBKIDIwMDAgUGllcmNlLVByaWNlLnBkZgAAAAAAAAAAAAAAAAAAAAAAAAAAAAAAAAAAAAAAAAAAAAAAAAAAABisrMchocQAAAAAAAAAAAACAAUAAAkgAAAAAAAAAAAAAAAAAAAADFBpZXJjZS1QcmljZQAQAAgAAM8oopgAAAARAAgAAMciBDQAAAABABwAGKyVABid6QAYfJUAGHySAAzShAAI/XkAAmXZAAIAYVJ1c3R5OlVzZXJzOgBFQUNNaWxsczoAUmVzZWFyY2g6AFBhcGVyczI6AEFydGljbGVzOgAyMDAwOgBQaWVyY2UtUHJpY2U6AEFwSiAyMDAwIFBpZXJjZS1QcmljZS5wZGYAAA4ANAAZAEEAcABKACAAMgAwADAAMAAgAFAAaQBlAHIAYwBlAC0AUAByAGkAYwBlAC4AcABkAGYADwAMAAUAUgB1AHMAdAB5ABIAVFVzZXJzL0VBQ01pbGxzL1Jlc2VhcmNoL1BhcGVyczIvQXJ0aWNsZXMvMjAwMC9QaWVyY2UtUHJpY2UvQXBKIDIwMDAgUGllcmNlLVByaWNlLnBkZgATAAEvAAAVAAIAD///AACABtIbHB0eWiRjbGFzc25hbWVYJGNsYXNzZXNdTlNNdXRhYmxlRGF0YaMdHyBWTlNEYXRhWE5TT2JqZWN00hscIiNcTlNEaWN0aW9uYXJ5oiIgXxAPTlNLZXllZEFyY2hpdmVy0SYnVHJvb3SAAQAIABEAGgAjAC0AMgA3AEAARgBNAFUAYABnAGoAbABuAHEAcwB1AHcAhACOANMA2ADgAtgC2gLfAuoC8wMBAwUDDAMVAxoDJwMqAzwDPwNEAAAAAAAAAgEAAAAAAAAAKAAAAAAAAAAAAAAAAAAAA0Y=},
	Bdsk-Url-1 = {http://adsabs.harvard.edu/cgi-bin/nph-data_query?bibcode=2000ApJ...545L.121P&link_type=ABSTRACT},
	Bdsk-Url-2 = {http://dx.doi.org/10.1086/317884}}

@article{Bally10,
	Author = {Bally, John and Aguirre, James and Battersby, Cara and Bradley, Eric Todd and Cyganowski, Claudia and Dowell, Darren and Drosback, Meredith and Dunham, Miranda K and Evans II, Neal J and Ginsburg, Adam and Glenn, Jason and Harvey, Paul and Mills, Elisabeth and Merello, Manuel and Rosolowsky, Erik and Schlingman, Wayne and Shirley, Yancy L and Stringfellow, Guy S and Walawender, Josh and Williams, Jonathan},
	Date-Added = {2017-11-12 18:29:55 +0000},
	Date-Modified = {2017-11-12 18:29:55 +0000},
	Journal = {\apj},
	Month = aug,
	Number = {1},
	Pages = {137--163},
	Title = {{THE BOLOCAM GALACTIC PLANE SURVEY: λ = 1.1 AND 0.35 mm DUST CONTINUUM EMISSION IN THE GALACTIC CENTER REGION}},
	Volume = {721},
	Year = {2010}}

@article{Martin04,
	Adsnote = {Provided by the SAO/NASA Astrophysics Data System},
	Adsurl = {http://adsabs.harvard.edu/abs/2004ApJS..150..239M},
	Author = {{Martin}, C.~L. and {Walsh}, W.~M. and {Xiao}, K. and {Lane}, A.~P. and {Walker}, C.~K. and {Stark}, A.~A.},
	Date-Added = {2017-11-12 18:28:53 +0000},
	Date-Modified = {2017-11-12 18:28:57 +0000},
	Doi = {10.1086/379661},
	Eprint = {astro-ph/0211025},
	Journal = {\apjs},
	Keywords = {Galaxy: Center, Galaxy: Kinematics and Dynamics, ISM: Atoms, ISM: Molecules, Radio Lines: ISM, Surveys},
	Month = jan,
	Pages = {239-262},
	Title = {{The AST/RO Survey of the Galactic Center Region. I. The Inner 3 Degrees}},
	Volume = 150,
	Year = 2004,
	Bdsk-Url-1 = {http://dx.doi.org/10.1086/379661}}

@article{Krieger17,
	Adsnote = {Provided by the SAO/NASA Astrophysics Data System},
	Adsurl = {http://adsabs.harvard.edu/abs/2017arXiv171006902K},
	Archiveprefix = {arXiv},
	Author = {{Krieger}, N. and {Ott}, J. and {Beuther}, H. and {Walter}, F. and {Kruijssen}, J.~M.~D. and {Meier}, D.~S. and {Mills}, E.~A.~C. and {Contreras}, Y. and {Edwards}, P. and {Ginsburg}, A. and {Henkel}, C. and {Henshaw}, J. and {Jackson}, J. and {Kauffmann}, J. and {Longmore}, S. and {Martin}, S. and {Morris}, M.~R. and {Pillai}, T. and {Rickert}, M. and {Rosolowsky}, E. and {Shinnaga}, H. and {Walsh}, A. and {Yusef-Zadeh}, F. and {Zhang}, Q.},
	Date-Added = {2017-11-12 18:25:15 +0000},
	Date-Modified = {2017-11-12 18:25:19 +0000},
	Eprint = {1710.06902},
	Journal = {ArXiv e-prints},
	Keywords = {Astrophysics - Astrophysics of Galaxies},
	Month = oct,
	Title = {{The Survey of Water and Ammonia in the Galactic Center (SWAG): Molecular Cloud Evolution in the Central Molecular Zone}},
	Year = 2017}

@article{Oka98b,
	Adsnote = {Provided by the SAO/NASA Astrophysics Data System},
	Adsurl = {http://adsabs.harvard.edu/abs/1998ApJS..118..455O},
	Author = {{Oka}, T. and {Hasegawa}, T. and {Sato}, F. and {Tsuboi}, M. and {Miyazaki}, A.},
	Date-Added = {2017-11-12 17:11:25 +0000},
	Date-Modified = {2017-11-12 17:11:29 +0000},
	Doi = {10.1086/313138},
	Journal = {\apjs},
	Keywords = {GALAXY: CENTER, GALAXY: KINEMATICS AND DYNAMICS, ISM: MOLECULES, SURVEYS, Galaxy: Center, Galaxy: Kinematics and Dynamics, ISM: Molecules, Surveys},
	Month = oct,
	Pages = {455-515},
	Title = {{A Large-Scale CO Survey of the Galactic Center}},
	Volume = 118,
	Year = 1998,
	Bdsk-Url-1 = {http://dx.doi.org/10.1086/313138}}

@article{Aalto08,
	Adsnote = {Provided by the SAO/NASA Astrophysics Data System},
	Adsurl = {http://adsabs.harvard.edu/abs/2008Ap%26SS.313..273A},
	Author = {{Aalto}, S.},
	Date-Added = {2017-11-12 02:44:57 +0000},
	Date-Modified = {2017-11-12 02:44:57 +0000},
	Doi = {10.1007/s10509-007-9643-0},
	Journal = {\apss},
	Keywords = {Galaxies: starburst, Galaxies: active, Radio lines: ISM, ISM: molecules},
	Month = jan,
	Pages = {273-278},
	Title = {{Chemistry in luminous AGN and starburst galaxies}},
	Volume = 313,
	Year = 2008,
	Bdsk-Url-1 = {http://dx.doi.org/10.1007/s10509-007-9643-0}}

@article{Bally87,
	Adsnote = {Provided by the SAO/NASA Astrophysics Data System},
	Adsurl = {http://adsabs.harvard.edu/abs/1987ApJS...65...13B},
	Author = {{Bally}, J. and {Stark}, A.~A. and {Wilson}, R.~W. and {Henkel}, C.},
	Date-Added = {2017-11-12 02:44:57 +0000},
	Date-Modified = {2017-11-12 02:44:57 +0000},
	Doi = {10.1086/191217},
	Journal = {\apjs},
	Keywords = {ASTRONOMICAL MAPS, GALACTIC NUCLEI, INTERSTELLAR GAS, MILKY WAY GALAXY, MOLECULAR CLOUDS, CARBON MONOXIDE, SPATIAL DISTRIBUTION, VELOCITY DISTRIBUTION},
	Month = sep,
	Pages = {13-82},
	Title = {{Galactic center molecular clouds. I - Spatial and spatial-velocity maps}},
	Volume = 65,
	Year = 1987,
	Bdsk-Url-1 = {http://dx.doi.org/10.1086/191217}}

@article{Battersby,
	Adsnote = {Provided by the SAO/NASA Astrophysics Data System},
	Adsurl = {http://adsabs.harvard.edu/abs/2014ApJ...786..116B},
	Archiveprefix = {arXiv},
	Author = {{Battersby}, C. and {Bally}, J. and {Dunham}, M. and {Ginsburg}, A. and {Longmore}, S. and {Darling}, J.},
	Date-Added = {2017-11-12 02:44:57 +0000},
	Date-Modified = {2017-11-12 02:44:57 +0000},
	Doi = {10.1088/0004-637X/786/2/116},
	Eid = {116},
	Eprint = {1405.3308},
	Journal = {\apj},
	Keywords = {dust, extinction, evolution, ISM: abundances, ISM: molecules, stars: formation},
	Month = may,
	Pages = {116},
	Title = {{The Comparison of Physical Properties Derived from Gas and Dust in a Massive Star-forming Region}},
	Volume = 786,
	Year = 2014,
	Bdsk-Url-1 = {http://dx.doi.org/10.1088/0004-637X/786/2/116}}

@article{Belloche14,
	Adsnote = {Provided by the SAO/NASA Astrophysics Data System},
	Adsurl = {http://adsabs.harvard.edu/abs/2014Sci...345.1584B},
	Archiveprefix = {arXiv},
	Author = {{Belloche}, A. and {Garrod}, R.~T. and {M{\"u}ller}, H.~S.~P. and {Menten}, K.~M.},
	Date-Added = {2017-11-12 02:44:57 +0000},
	Date-Modified = {2017-11-12 02:44:57 +0000},
	Doi = {10.1126/science.1256678},
	Eprint = {1410.2607},
	Journal = {Science},
	Month = sep,
	Pages = {1584-1587},
	Title = {{Detection of a branched alkyl molecule in the interstellar medium: iso-propyl cyanide}},
	Volume = 345,
	Year = 2014,
	Bdsk-Url-1 = {http://dx.doi.org/10.1126/science.1256678}}

@article{Capp12,
	Adsnote = {Provided by the SAO/NASA Astrophysics Data System},
	Adsurl = {http://adsabs.harvard.edu/abs/2012Natur.484..485C},
	Archiveprefix = {arXiv},
	Author = {{Cappellari}, M. and {McDermid}, R.~M. and {Alatalo}, K. and {Blitz}, L. and {Bois}, M. and {Bournaud}, F. and {Bureau}, M. and {Crocker}, A.~F. and {Davies}, R.~L. and {Davis}, T.~A. and {de Zeeuw}, P.~T. and {Duc}, P.-A. and {Emsellem}, E. and {Khochfar}, S. and {Krajnovi{\'c}}, D. and {Kuntschner}, H. and {Lablanche}, P.-Y. and {Morganti}, R. and {Naab}, T. and {Oosterloo}, T. and {Sarzi}, M. and {Scott}, N. and {Serra}, P. and {Weijmans}, A.-M. and {Young}, L.~M.},
	Date-Added = {2017-11-12 02:44:57 +0000},
	Date-Modified = {2017-11-12 02:44:57 +0000},
	Doi = {10.1038/nature10972},
	Eprint = {1202.3308},
	Journal = {\nat},
	Month = apr,
	Pages = {485-488},
	Primaryclass = {astro-ph.CO},
	Title = {{Systematic variation of the stellar initial mass function in early-type galaxies}},
	Volume = 484,
	Year = 2012,
	Bdsk-Url-1 = {http://dx.doi.org/10.1038/nature10972}}

@article{Davies,
	Adsnote = {Provided by the SAO/NASA Astrophysics Data System},
	Adsurl = {http://adsabs.harvard.edu/abs/2012A%26A...537A.133D},
	Archiveprefix = {arXiv},
	Author = {{Davies}, R. and {Mark}, D. and {Sternberg}, A.},
	Date-Added = {2017-11-12 02:44:57 +0000},
	Date-Modified = {2017-11-12 02:44:57 +0000},
	Doi = {10.1051/0004-6361/201117647},
	Eid = {A133},
	Eprint = {1111.3816},
	Journal = {\aap},
	Keywords = {galaxies: active, galaxies: individual: NGC 3227, galaxies: ISM, galaxies: nuclei, radio lines: galaxies},
	Month = jan,
	Pages = {A133},
	Title = {{Dense molecular gas around AGN: HCN/CO in NGC 3227}},
	Volume = 537,
	Year = 2012,
	Bdsk-Url-1 = {http://dx.doi.org/10.1051/0004-6361/201117647}}

@article{DeBreuck14,
	Adsnote = {Provided by the SAO/NASA Astrophysics Data System},
	Adsurl = {http://adsabs.harvard.edu/abs/2014A%26A...565A..59D},
	Archiveprefix = {arXiv},
	Author = {{De Breuck}, C. and {Williams}, R.~J. and {Swinbank}, M. and {Caselli}, P. and {Coppin}, K. and {Davis}, T.~A. and {Maiolino}, R. and {Nagao}, T. and {Smail}, I. and {Walter}, F. and {Wei{\ss}}, A. and {Zwaan}, M.~A.},
	Date-Added = {2017-11-12 02:44:57 +0000},
	Date-Modified = {2017-11-12 02:44:57 +0000},
	Doi = {10.1051/0004-6361/201323331},
	Eid = {A59},
	Eprint = {1404.2295},
	Journal = {\aap},
	Keywords = {galaxies: high-redshift, galaxies: starburst, galaxies: kinematics and dynamics, galaxies: ISM},
	Month = may,
	Pages = {A59},
	Title = {{ALMA resolves turbulent, rotating [CII] emission in a young starburst galaxy at z = 4.8}},
	Volume = 565,
	Year = 2014,
	Bdsk-Url-1 = {http://dx.doi.org/10.1051/0004-6361/201323331}}

@article{Dressing13,
	Adsnote = {Provided by the SAO/NASA Astrophysics Data System},
	Adsurl = {http://adsabs.harvard.edu/abs/2013ApJ...767...95D},
	Archiveprefix = {arXiv},
	Author = {{Dressing}, C.~D. and {Charbonneau}, D.},
	Date-Added = {2017-11-12 02:44:57 +0000},
	Date-Modified = {2017-11-12 02:44:57 +0000},
	Doi = {10.1088/0004-637X/767/1/95},
	Eid = {95},
	Eprint = {1302.1647},
	Journal = {\apj},
	Keywords = {catalogs, methods: data analysis, planetary systems, stars: low-mass, surveys, techniques: photometric},
	Month = apr,
	Pages = {95},
	Primaryclass = {astro-ph.EP},
	Title = {{The Occurrence Rate of Small Planets around Small Stars}},
	Volume = 767,
	Year = 2013,
	Bdsk-Url-1 = {http://dx.doi.org/10.1088/0004-637X/767/1/95}}

@article{GraciaCarpio,
	Adsnote = {Provided by the SAO/NASA Astrophysics Data System},
	Adsurl = {http://adsabs.harvard.edu/abs/2008A%26A...479..703G},
	Archiveprefix = {arXiv},
	Author = {{Graci{\'a}-Carpio}, J. and {Garc{\'{\i}}a-Burillo}, S. and {Planesas}, P. and {Fuente}, A. and {Usero}, A.},
	Date-Added = {2017-11-12 02:44:57 +0000},
	Date-Modified = {2017-11-12 02:44:57 +0000},
	Doi = {10.1051/0004-6361:20078223},
	Eprint = {0712.0582},
	Journal = {\aap},
	Keywords = {galaxies: evolution, galaxies: ISM, galaxies: starburst, infrared: galaxies, ISM: molecules, radio lines: galaxies},
	Month = mar,
	Pages = {703-717},
	Title = {{Evidence of enhanced star formation efficiency in luminous and ultraluminous infrared galaxies}},
	Volume = 479,
	Year = 2008,
	Bdsk-Url-1 = {http://dx.doi.org/10.1051/0004-6361:20078223}}

@article{GS04a,
	Adsnote = {Provided by the SAO/NASA Astrophysics Data System},
	Adsurl = {http://adsabs.harvard.edu/abs/2004ApJS..152...63G},
	Author = {{Gao}, Y. and {Solomon}, P.~M.},
	Date-Added = {2017-11-12 02:44:57 +0000},
	Date-Modified = {2017-11-12 02:44:57 +0000},
	Doi = {10.1086/383003},
	Eprint = {astro-ph/0310341},
	Journal = {\apjs},
	Keywords = {Galaxies: ISM, Galaxies: Starburst, Infrared: Galaxies, ISM: Molecules, Radio Lines: Galaxies, Surveys},
	Month = may,
	Pages = {63-80},
	Title = {{HCN Survey of Normal Spiral, Infrared-luminous, and Ultraluminous Galaxies}},
	Volume = 152,
	Year = 2004,
	Bdsk-Url-1 = {http://dx.doi.org/10.1086/383003}}

@article{Gusten85,
	Author = {{G{\"u}sten}, R. and Walmsley, C M and Ungerechts, H and Churchwell, E},
	Date-Added = {2017-11-12 02:44:57 +0000},
	Date-Modified = {2017-11-12 02:44:57 +0000},
	Journal = {Astronomy and Astrophysics (ISSN 0004-6361)},
	Pages = {381},
	Title = {{Temperature determinations in molecular clouds of the galactic center}},
	Volume = {142},
	Year = {1985}}

@article{Hollis00,
	Adsnote = {Provided by the SAO/NASA Astrophysics Data System},
	Adsurl = {http://adsabs.harvard.edu/abs/2000ApJ...540L.107H},
	Author = {{Hollis}, J.~M. and {Lovas}, F.~J. and {Jewell}, P.~R.},
	Date-Added = {2017-11-12 02:44:57 +0000},
	Date-Modified = {2017-11-12 02:44:57 +0000},
	Doi = {10.1086/312881},
	Journal = {\apjl},
	Keywords = {ISM: Abundances, ISM: Clouds, ISM: individual (Sagittarius B2(N)), ISM: Molecules, Radio Lines: ISM},
	Month = sep,
	Pages = {L107-L110},
	Title = {{Interstellar Glycolaldehyde: The First Sugar}},
	Volume = 540,
	Year = 2000,
	Bdsk-Url-1 = {http://dx.doi.org/10.1086/312881}}

@article{Howard12,
	Adsnote = {Provided by the SAO/NASA Astrophysics Data System},
	Adsurl = {http://adsabs.harvard.edu/abs/2012ApJS..201...15H},
	Archiveprefix = {arXiv},
	Author = {{Howard}, A.~W. and {Marcy}, G.~W. and {Bryson}, S.~T. and {Jenkins}, J.~M. and {Rowe}, J.~F. and {Batalha}, N.~M. and {Borucki}, W.~J. and {Koch}, D.~G. and {Dunham}, E.~W. and {Gautier}, III, T.~N. and {Van Cleve}, J. and {Cochran}, W.~D. and {Latham}, D.~W. and {Lissauer}, J.~J. and {Torres}, G. and {Brown}, T.~M. and {Gilliland}, R.~L. and {Buchhave}, L.~A. and {Caldwell}, D.~A. and {Christensen-Dalsgaard}, J. and {Ciardi}, D. and {Fressin}, F. and {Haas}, M.~R. and {Howell}, S.~B. and {Kjeldsen}, H. and {Seager}, S. and {Rogers}, L. and {Sasselov}, D.~D. and {Steffen}, J.~H. and {Basri}, G.~S. and {Charbonneau}, D. and {Christiansen}, J. and {Clarke}, B. and {Dupree}, A. and {Fabrycky}, D.~C. and {Fischer}, D.~A. and {Ford}, E.~B. and {Fortney}, J.~J. and {Tarter}, J. and {Girouard}, F.~R. and {Holman}, M.~J. and {Johnson}, J.~A. and {Klaus}, T.~C. and {Machalek}, P. and {Moorhead}, A.~V. and {Morehead}, R.~C. and {Ragozzine}, D. and {Tenenbaum}, P. and {Twicken}, J.~D. and {Quinn}, S.~N. and {Isaacson}, H. and {Shporer}, A. and {Lucas}, P.~W. and {Walkowicz}, L.~M. and {Welsh}, W.~F. and {Boss}, A. and {Devore}, E. and {Gould}, A. and {Smith}, J.~C. and {Morris}, R.~L. and {Prsa}, A. and {Morton}, T.~D. and {Still}, M. and {Thompson}, S.~E. and {Mullally}, F. and {Endl}, M. and {MacQueen}, P.~J.},
	Date-Added = {2017-11-12 02:44:57 +0000},
	Date-Modified = {2017-11-12 02:44:57 +0000},
	Doi = {10.1088/0067-0049/201/2/15},
	Eid = {15},
	Eprint = {1103.2541},
	Journal = {\apjs},
	Keywords = {planetary systems, stars: statistics, techniques: photometric},
	Month = aug,
	Pages = {15},
	Primaryclass = {astro-ph.EP},
	Title = {{Planet Occurrence within 0.25 AU of Solar-type Stars from Kepler}},
	Volume = 201,
	Year = 2012,
	Bdsk-Url-1 = {http://dx.doi.org/10.1088/0067-0049/201/2/15}}

@article{Huttem93b,
	Abstract = {Measurements of six metastable (J = K) inversion transitions of ammonia for 36 clouds in the galactic center region are presented. Most of the clouds are not related to Sgr A or Sgr B2. In order to minimize the effect of weather, either the (J,K) = (1,1), (2,2) and (4,4) or the (4,4) and (5,5) inversion lines of para-NH3 were measured simultaneously. A common calibration was obtained by forcing the integrated intensities of the (4,4) inversion line spectra from different periods to agree. The (3,3) and (6,6) lines of orthor-NH3 were also measured simultaneously. A determination of the rotational temperatures, Trot, obtained from these lines shows that there must be at least two kinetic temperature regimes in these clouds. In a few cases, small maps of the clouds were made; two of these show that the distribution of the (1,1) and (2,2) inversion lines are similar, but differ markedly from that of the (4,4) inversion line. An analysis of the data shows that the warmer temperature is approximately 200 K, the cooler is approximately 25 K. The warmer gas contains about approximately 25% of the total column density of NH3. The heating processes which give rise to the high kinetic temperatures in these clouds are not certain: These may include and enhanced flux of low energy cosmic rays, cloud-cloud collisions, or ion-slip (ambipolar diffusion).},
	Affiliation = {AA(Max-Planck-Inst. fuer Radioastronomie, Bonn, Germany), AB(Max-Planck-Inst. fuer Radioastronomie, Bonn, Germany), AC(Boston Univ., Boston, MA, US), AD(Boston Univ., Boston, MA, US)},
	Author = {S. H{\"u}ttemeister and T. L Wilson and T. M Bania and J Martin-Pintado},
	Date-Added = {2017-11-12 02:44:57 +0000},
	Date-Modified = {2017-11-12 02:44:57 +0000},
	Journal = {Astronomy and Astrophysics (ISSN 0004-6361)},
	Keywords = {ELECTRON TRANSITIONS, METASTABLE STATE, SUPERHIGH FREQUENCIES, GAS TEMPERATURE, CENTIMETER WAVES, RADIO ASTRONOMY, EMISSION SPECTRA, INTERSTELLAR MATTER, MOLECULAR CLOUDS, GALACTIC BULGE, INTERSTELLAR MAGNETIC FIELDS, INVERSIONS, ROTATIONAL STATES, AMMONIA, LINE SPECTRA},
	Local-Url = {file://localhost/Users/Betsy/RESEARCH/Papers/1993/Huettemeister/Astronomy%20and%20Astrophysics%20(ISSN%200004-6361)%201993%20Huettemeister.pdf},
	Month = {Nov},
	Pages = {255},
	Pmid = {1993A&A...280..255H},
	Rating = {0},
	Read = {Yes},
	Title = {Kinetic temperatures in Galactic Center molecular clouds},
	Uri = {papers://1E8CEB0A-7B15-4393-B5D8-EAC8DBF6AAD0/Paper/p1218},
	Volume = {280},
	Year = {1993},
	Bdsk-File-1 = {YnBsaXN0MDDUAQIDBAUGJCVYJHZlcnNpb25YJG9iamVjdHNZJGFyY2hpdmVyVCR0b3ASAAGGoKgHCBMUFRYaIVUkbnVsbNMJCgsMDxJXTlMua2V5c1pOUy5vYmplY3RzViRjbGFzc6INDoACgAOiEBGABIAFgAdccmVsYXRpdmVQYXRoWWFsaWFzRGF0YV8Qcy4uLy4uL0NhcmVlci9QYXBlcnMyL0FydGljbGVzLzE5OTMvSHVldHRlbWVpc3Rlci9Bc3Ryb25vbXkgYW5kIEFzdHJvcGh5c2ljcyAoSVNTTiAwMDA0LTYzNjEpIDE5OTMgSHVldHRlbWVpc3Rlci5wZGbSFwsYGVdOUy5kYXRhTxECdAAAAAACdAACAAAFUnVzdHkAAAAAAAAAAAAAAAAAAAAAAAAAAAAAzyhAKEgrAAAAGK7iH0FzdHJvbm9teSBhbmQgQXN0cm9wIzE4QUYyMS5wZGYAAAAAAAAAAAAAAAAAAAAAAAAAAAAAAAAAAAAAAAAAAAAYryHIl92GAAAAAAAAAAAAAgAGAAAJIAAAAAAAAAAAAAAAAAAAAA1IdWV0dGVtZWlzdGVyAAAQAAgAAM8oopgAAAARAAgAAMiYP/YAAAABABwAGK7iABid4gAYfJUAGHySAAzShAAI/XkAAmXZAAIAZlJ1c3R5OlVzZXJzOgBFQUNNaWxsczoAQ2FyZWVyOgBQYXBlcnMyOgBBcnRpY2xlczoAMTk5MzoASHVldHRlbWVpc3RlcjoAQXN0cm9ub215IGFuZCBBc3Ryb3AjMThBRjIxLnBkZgAOAIYAQgBBAHMAdAByAG8AbgBvAG0AeQAgAGEAbgBkACAAQQBzAHQAcgBvAHAAaAB5AHMAaQBjAHMAIAAoAEkAUwBTAE4AIAAwADAAMAA0AC0ANgAzADYAMQApACAAMQA5ADkAMwAgAEgAdQBlAHQAdABlAG0AZQBpAHMAdABlAHIALgBwAGQAZgAPAAwABQBSAHUAcwB0AHkAEgB8VXNlcnMvRUFDTWlsbHMvQ2FyZWVyL1BhcGVyczIvQXJ0aWNsZXMvMTk5My9IdWV0dGVtZWlzdGVyL0FzdHJvbm9teSBhbmQgQXN0cm9waHlzaWNzIChJU1NOIDAwMDQtNjM2MSkgMTk5MyBIdWV0dGVtZWlzdGVyLnBkZgATAAEvAAAVAAIAD///AACABtIbHB0eWiRjbGFzc25hbWVYJGNsYXNzZXNdTlNNdXRhYmxlRGF0YaMdHyBWTlNEYXRhWE5TT2JqZWN00hscIiNcTlNEaWN0aW9uYXJ5oiIgXxAPTlNLZXllZEFyY2hpdmVy0SYnVHJvb3SAAQAIABEAGgAjAC0AMgA3AEAARgBNAFUAYABnAGoAbABuAHEAcwB1AHcAhACOAQQBCQERA4kDiwOQA5sDpAOyA7YDvQPGA8sD2APbA+0D8AP1AAAAAAAAAgEAAAAAAAAAKAAAAAAAAAAAAAAAAAAAA/c=},
	Bdsk-Url-1 = {http://adsabs.harvard.edu/cgi-bin/nph-data_query?bibcode=1993A%2526A...280..255H&link_type=ABSTRACT}}

@article{KL13,
	Adsnote = {Provided by the SAO/NASA Astrophysics Data System},
	Adsurl = {http://adsabs.harvard.edu/abs/2013MNRAS.435.2598K},
	Archiveprefix = {arXiv},
	Author = {{Kruijssen}, J.~M.~D. and {Longmore}, S.~N.},
	Date-Added = {2017-11-12 02:44:57 +0000},
	Date-Modified = {2017-11-12 02:44:57 +0000},
	Doi = {10.1093/mnras/stt1634},
	Eprint = {1309.0505},
	Journal = {\mnras},
	Keywords = {stars: formation, Galaxy: centre, galaxies: ISM, galaxies: starburst, galaxies: star formation},
	Month = nov,
	Pages = {2598-2603},
	Title = {{Comparing molecular gas across cosmic time-scales: the Milky Way as both a typical spiral galaxy and a high-redshift galaxy analogue}},
	Volume = 435,
	Year = 2013,
	Bdsk-Url-1 = {http://dx.doi.org/10.1093/mnras/stt1634}}

@article{Kruijssen14,
	Adsnote = {Provided by the SAO/NASA Astrophysics Data System},
	Adsurl = {http://adsabs.harvard.edu/abs/2014MNRAS.439.3239K},
	Archiveprefix = {arXiv},
	Author = {{Kruijssen}, J.~M.~D. and {Longmore}, S.~N.},
	Date-Added = {2017-11-12 02:44:57 +0000},
	Date-Modified = {2017-11-12 02:44:57 +0000},
	Doi = {10.1093/mnras/stu098},
	Eprint = {1401.4459},
	Journal = {\mnras},
	Keywords = {stars: formation, ISM: evolution, galaxies: evolution, galaxies: ISM, galaxies: stellar content},
	Month = apr,
	Pages = {3239-3252},
	Title = {{An uncertainty principle for star formation - I. Why galactic star formation relations break down below a certain spatial scale}},
	Volume = 439,
	Year = 2014,
	Bdsk-Url-1 = {http://dx.doi.org/10.1093/mnras/stu098}}

@article{KS98,
	Adsnote = {Provided by the SAO/NASA Astrophysics Data System},
	Adsurl = {http://adsabs.harvard.edu/abs/1998ApJ...498..541K},
	Author = {{Kennicutt}, Jr., R.~C.},
	Date-Added = {2017-11-12 02:44:57 +0000},
	Date-Modified = {2017-11-12 02:44:57 +0000},
	Doi = {10.1086/305588},
	Eprint = {astro-ph/9712213},
	Journal = {\apj},
	Keywords = {GALAXIES: EVOLUTION, GALAXIES: ISM, GALAXIES: SPIRAL, GALAXIES: STELLAR CONTENT, GALAXIES: STARBURST, STARS: FORMATION, Galaxies: Evolution, Galaxies: ISM, Galaxies: Spiral, Galaxies: Starburst, Galaxies: Stellar Content, Stars: Formation},
	Month = may,
	Pages = {541-552},
	Title = {{The Global Schmidt Law in Star-forming Galaxies}},
	Volume = 498,
	Year = 1998,
	Bdsk-Url-1 = {http://dx.doi.org/10.1086/305588}}

@article{Lada12,
	Adsnote = {Provided by the SAO/NASA Astrophysics Data System},
	Adsurl = {http://adsabs.harvard.edu/abs/2012ApJ...745..190L},
	Archiveprefix = {arXiv},
	Author = {{Lada}, C.~J. and {Forbrich}, J. and {Lombardi}, M. and {Alves}, J.~F.},
	Date-Added = {2017-11-12 02:44:57 +0000},
	Date-Modified = {2017-11-12 02:44:57 +0000},
	Doi = {10.1088/0004-637X/745/2/190},
	Eid = {190},
	Eprint = {1112.4466},
	Journal = {\apj},
	Keywords = {galaxies: star formation, stars: formation},
	Month = feb,
	Pages = {190},
	Title = {{Star Formation Rates in Molecular Clouds and the Nature of the Extragalactic Scaling Relations}},
	Volume = 745,
	Year = 2012,
	Bdsk-Url-1 = {http://dx.doi.org/10.1088/0004-637X/745/2/190}}

@article{Liu15,
	Adsnote = {Provided by the SAO/NASA Astrophysics Data System},
	Adsurl = {http://adsabs.harvard.edu/abs/2015ApJ...804...37L},
	Archiveprefix = {arXiv},
	Author = {{Liu}, H.~B. and {Galv{\'a}n-Madrid}, R. and {Jim{\'e}nez-Serra}, I. and {Rom{\'a}n-Z{\'u}{\~n}iga}, C. and {Zhang}, Q. and {Li}, Z. and {Chen}, H.-R.},
	Date-Added = {2017-11-12 02:44:57 +0000},
	Date-Modified = {2017-11-12 02:44:57 +0000},
	Doi = {10.1088/0004-637X/804/1/37},
	Eid = {37},
	Eprint = {1505.04255},
	Journal = {\apj},
	Keywords = {evolution, ISM: individual objects: G33.92+0.11, stars: formation},
	Month = may,
	Pages = {37},
	Primaryclass = {astro-ph.SR},
	Title = {{ALMA Resolves the Spiraling Accretion Flow in the Luminous OB Cluster-forming Region G33.92+0.11}},
	Volume = 804,
	Year = 2015,
	Bdsk-Url-1 = {http://dx.doi.org/10.1088/0004-637X/804/1/37}}

@article{Madau98,
	Adsnote = {Provided by the SAO/NASA Astrophysics Data System},
	Adsurl = {http://adsabs.harvard.edu/abs/1998ApJ...498..106M},
	Author = {{Madau}, P. and {Pozzetti}, L. and {Dickinson}, M.},
	Date-Added = {2017-11-12 02:44:57 +0000},
	Date-Modified = {2017-11-12 02:44:57 +0000},
	Doi = {10.1086/305523},
	Eprint = {astro-ph/9708220},
	Journal = {\apj},
	Keywords = {GALAXIES: EVOLUTION, GALAXIES: PHOTOMETRY, COSMOLOGY: THEORY, GALAXIES: STELLAR CONTENT, Cosmology: Theory, Galaxies: Evolution, Galaxies: Photometry, Galaxies: Stellar Content},
	Month = may,
	Pages = {106-116},
	Title = {{The Star Formation History of Field Galaxies}},
	Volume = 498,
	Year = 1998,
	Bdsk-Url-1 = {http://dx.doi.org/10.1086/305523}}

@article{Mangum,
	Adsnote = {Provided by the SAO/NASA Astrophysics Data System},
	Adsurl = {http://adsabs.harvard.edu/abs/2013ApJ...766..108M},
	Archiveprefix = {arXiv},
	Author = {{Mangum}, J.~G. and {Darling}, J. and {Henkel}, C. and {Menten}, K.~M.},
	Date-Added = {2017-11-12 02:44:57 +0000},
	Date-Modified = {2017-11-12 02:44:57 +0000},
	Doi = {10.1088/0004-637X/766/2/108},
	Eid = {108},
	Eprint = {1302.3526},
	Journal = {\apj},
	Keywords = {galaxies: ISM, galaxies: nuclei, galaxies: starburst, ISM: molecules, radio lines: galaxies},
	Month = apr,
	Pages = {108},
	Title = {{Formaldehyde Densitometry of Starburst Galaxies: Density-independent Global Star Formation}},
	Volume = 766,
	Year = 2013,
	Bdsk-Url-1 = {http://dx.doi.org/10.1088/0004-637X/766/2/108}}

@article{Mills13a,
	Adsnote = {Provided by the SAO/NASA Astrophysics Data System},
	Adsurl = {http://adsabs.harvard.edu/abs/2013ApJ...772..105M},
	Archiveprefix = {arXiv},
	Author = {{Mills}, E.~A.~C. and {Morris}, M.~R.},
	Date-Added = {2017-11-12 02:44:57 +0000},
	Date-Modified = {2017-11-12 02:44:57 +0000},
	Doi = {10.1088/0004-637X/772/2/105},
	Eid = {105},
	Eprint = {1306.0953},
	Journal = {\apj},
	Keywords = {Galaxy: center, ISM: clouds, ISM: molecules, radio lines: ISM},
	Month = aug,
	Pages = {105},
	Primaryclass = {astro-ph.GA},
	Title = {{Detection of Widespread Hot Ammonia in the Galactic Center}},
	Volume = 772,
	Year = 2013,
	Bdsk-Url-1 = {http://dx.doi.org/10.1088/0004-637X/772/2/105}}

@article{Mills13b,
	Author = {Mills, E A C and G{\"u}sten, R and Requena-Torres, M A and Morris, M R},
	Date-Added = {2017-11-12 02:44:57 +0000},
	Date-Modified = {2017-11-12 02:44:57 +0000},
	Journal = {The Astrophysical Journal},
	Month = nov,
	Number = {1},
	Pages = {47},
	Title = {{THE EXCITATION OF HCN AND HCO +IN THE GALACTIC CENTER CIRCUMNUCLEAR DISK}},
	Volume = {779},
	Year = {2013}}

@inproceedings{Mills14,
	Adsnote = {Provided by the SAO/NASA Astrophysics Data System},
	Adsurl = {http://adsabs.harvard.edu/abs/2014IAUS..303..139M},
	Archiveprefix = {arXiv},
	Author = {{Mills}, E.~A.~C. and {Lang}, C.~C. and {Morris}, M.~R. and {Ott}, J. and {Butterfield}, N. and {Ludovici}, D. and {Schmitz}, S. and {Schmiedeke}, A.},
	Booktitle = {IAU Symposium},
	Date-Added = {2017-11-12 02:44:57 +0000},
	Date-Modified = {2017-11-12 02:44:57 +0000},
	Doi = {10.1017/S1743921314000398},
	Editor = {{Sjouwerman}, L.~O. and {Lang}, C.~C. and {Ott}, J.},
	Eprint = {1312.6071},
	Keywords = {Galaxy: center, molecular data, radio lines: ISM, techniques: interferometric},
	Month = may,
	Pages = {139-143},
	Series = {IAU Symposium},
	Title = {{A radio survey of Galactic center clouds}},
	Volume = 303,
	Year = 2014,
	Bdsk-Url-1 = {http://dx.doi.org/10.1017/S1743921314000398}}

@article{Mills15,
	Adsnote = {Provided by the SAO/NASA Astrophysics Data System},
	Adsurl = {http://adsabs.harvard.edu/abs/2015ApJ...805...72M},
	Archiveprefix = {arXiv},
	Author = {{Mills}, E.~A.~C. and {Butterfield}, N. and {Ludovici}, D.~A. and {Lang}, C.~C. and {Ott}, J. and {Morris}, M.~R. and {Schmitz}, S.},
	Date-Added = {2017-11-12 02:44:57 +0000},
	Date-Modified = {2017-11-12 18:26:03 +0000},
	Doi = {10.1088/0004-637X/805/1/72},
	Eid = {72},
	Eprint = {1503.08137},
	Journal = {\apj},
	Keywords = {Galaxy: center},
	Month = may,
	Pages = {72},
	Title = {{Abundant CH$_{3}$OH Masers but no New Evidence for Star Formation in GCM0.253+0.016}},
	Volume = 805,
	Year = 2015,
	Bdsk-Url-1 = {http://dx.doi.org/10.1088/0004-637X/805/1/72}}

@article{Ott15,
	Adsnote = {Provided by the SAO/NASA Astrophysics Data System},
	Adsurl = {http://adsabs.harvard.edu/abs/2015IAUGA..2257227O},
	Author = {{Ott}, J. and {Meier}, D. and {Mills}, E.},
	Date-Added = {2017-11-12 02:44:57 +0000},
	Date-Modified = {2017-11-12 02:44:57 +0000},
	Journal = {IAU General Assembly},
	Month = aug,
	Pages = {57227},
	Title = {{SWAG: Survey of Water and Ammonia in the Galactic Center}},
	Volume = 22,
	Year = 2015}

@article{Peretto13,
	Adsnote = {Provided by the SAO/NASA Astrophysics Data System},
	Adsurl = {http://adsabs.harvard.edu/abs/2013A%26A...555A.112P},
	Archiveprefix = {arXiv},
	Author = {{Peretto}, N. and {Fuller}, G.~A. and {Duarte-Cabral}, A. and {Avison}, A. and {Hennebelle}, P. and {Pineda}, J.~E. and {Andr{\'e}}, P. and {Bontemps}, S. and {Motte}, F. and {Schneider}, N. and {Molinari}, S.},
	Date-Added = {2017-11-12 02:44:57 +0000},
	Date-Modified = {2017-11-12 02:44:57 +0000},
	Doi = {10.1051/0004-6361/201321318},
	Eid = {A112},
	Eprint = {1307.2590},
	Journal = {\aap},
	Keywords = {stars: formation, ISM: kinematics and dynamics, ISM: clouds, stars: massive, ISM: structure},
	Month = jul,
	Pages = {A112},
	Primaryclass = {astro-ph.GA},
	Title = {{Global collapse of molecular clouds as a formation mechanism for the most massive stars}},
	Volume = 555,
	Year = 2013,
	Bdsk-Url-1 = {http://dx.doi.org/10.1051/0004-6361/201321318}}

@article{Rathborne14,
	Adsnote = {Provided by the SAO/NASA Astrophysics Data System},
	Adsurl = {http://adsabs.harvard.edu/abs/2014ApJ...795L..25R},
	Archiveprefix = {arXiv},
	Author = {{Rathborne}, J.~M. and {Longmore}, S.~N. and {Jackson}, J.~M. and {Kruijssen}, J.~M.~D. and {Alves}, J.~F. and {Bally}, J. and {Bastian}, N. and {Contreras}, Y. and {Foster}, J.~B. and {Garay}, G. and {Testi}, L. and {Walsh}, A.~J.},
	Date-Added = {2017-11-12 02:44:57 +0000},
	Date-Modified = {2017-11-12 02:44:57 +0000},
	Doi = {10.1088/2041-8205/795/2/L25},
	Eid = {L25},
	Eprint = {1409.0935},
	Journal = {\apjl},
	Keywords = {dust, extinction, infrared: ISM, ISM: clouds, radio lines: ISM, stars: formation},
	Month = nov,
	Pages = {L25},
	Title = {{Turbulence Sets the Initial Conditions for Star Formation in High-pressure Environments}},
	Volume = 795,
	Year = 2014,
	Bdsk-Url-1 = {http://dx.doi.org/10.1088/2041-8205/795/2/L25}}

@inproceedings{Rosolowsky14,
	Adsnote = {Provided by the SAO/NASA Astrophysics Data System},
	Adsurl = {http://adsabs.harvard.edu/abs/2015AAS...22514125R},
	Author = {{Rosolowsky}, E. and {Leroy}, A.~K. and {Usero}, A. and {Loeppky}, J. and {Walter}, F. and {Wilson}, C. and {Heracles Team}, N.~T.},
	Booktitle = {American Astronomical Society Meeting Abstracts},
	Date-Added = {2017-11-12 02:44:57 +0000},
	Date-Modified = {2017-11-12 18:23:32 +0000},
	Month = jan,
	Series = {American Astronomical Society Meeting Abstracts},
	Title = {{CO Line Ratios in Nearby Galaxies}},
	Volume = 225,
	Year = 2015}

@article{Rybak15,
	Adsnote = {Provided by the SAO/NASA Astrophysics Data System},
	Adsurl = {http://adsabs.harvard.edu/abs/2015MNRAS.453L..26R},
	Archiveprefix = {arXiv},
	Author = {{Rybak}, M. and {Vegetti}, S. and {McKean}, J.~P. and {Andreani}, P. and {White}, S.~D.~M.},
	Date-Added = {2017-11-12 02:44:57 +0000},
	Date-Modified = {2017-11-12 02:44:57 +0000},
	Doi = {10.1093/mnrasl/slv092},
	Eprint = {1506.01425},
	Journal = {\mnras},
	Keywords = {gravitational lensing: strong, galaxies: high redshift, submillimetre: galaxies},
	Month = oct,
	Pages = {L26-L30},
	Title = {{ALMA imaging of SDP.81 - II. A pixelated reconstruction of the CO emission lines}},
	Volume = 453,
	Year = 2015,
	Bdsk-Url-1 = {http://dx.doi.org/10.1093/mnrasl/slv092}}

@article{Sakamoto,
	Author = {Sakamoto, Kazushi and Aalto, Susanne and Evans, Aaron S and Wiedner, Martina C and Wilner, David J},
	Date-Added = {2017-11-12 02:44:57 +0000},
	Date-Modified = {2017-11-12 02:44:57 +0000},
	Journal = {The Astrophysical Journal},
	Month = dec,
	Number = {2},
	Pages = {L228--L233},
	Title = {{VIBRATIONALLY EXCITED HCN IN THE LUMINOUS INFRARED GALAXY NGC 4418}},
	Volume = {725},
	Year = {2010}}

@article{Sandstrom13,
	Adsnote = {Provided by the SAO/NASA Astrophysics Data System},
	Adsurl = {http://adsabs.harvard.edu/abs/2013ApJ...777....5S},
	Archiveprefix = {arXiv},
	Author = {{Sandstrom}, K.~M. and {Leroy}, A.~K. and {Walter}, F. and {Bolatto}, A.~D. and {Croxall}, K.~V. and {Draine}, B.~T. and {Wilson}, C.~D. and {Wolfire}, M. and {Calzetti}, D. and {Kennicutt}, R.~C. and {Aniano}, G. and {Donovan Meyer}, J. and {Usero}, A. and {Bigiel}, F. and {Brinks}, E. and {de Blok}, W.~J.~G. and {Crocker}, A. and {Dale}, D. and {Engelbracht}, C.~W. and {Galametz}, M. and {Groves}, B. and {Hunt}, L.~K. and {Koda}, J. and {Kreckel}, K. and {Linz}, H. and {Meidt}, S. and {Pellegrini}, E. and {Rix}, H.-W. and {Roussel}, H. and {Schinnerer}, E. and {Schruba}, A. and {Schuster}, K.-F. and {Skibba}, R. and {van der Laan}, T. and {Appleton}, P. and {Armus}, L. and {Brandl}, B. and {Gordon}, K. and {Hinz}, J. and {Krause}, O. and {Montiel}, E. and {Sauvage}, M. and {Schmiedeke}, A. and {Smith}, J.~D.~T. and {Vigroux}, L.},
	Date-Added = {2017-11-12 02:44:57 +0000},
	Date-Modified = {2017-11-12 02:44:57 +0000},
	Doi = {10.1088/0004-637X/777/1/5},
	Eid = {5},
	Eprint = {1212.1208},
	Journal = {\apj},
	Keywords = {dust, extinction, galaxies: ISM, infrared: ISM, ISM: molecules},
	Month = nov,
	Pages = {5},
	Primaryclass = {astro-ph.CO},
	Title = {{The CO-to-H$_{2}$ Conversion Factor and Dust-to-gas Ratio on Kiloparsec Scales in Nearby Galaxies}},
	Volume = 777,
	Year = 2013,
	Bdsk-Url-1 = {http://dx.doi.org/10.1088/0004-637X/777/1/5}}

@article{Shetty12,
	Adsnote = {Provided by the SAO/NASA Astrophysics Data System},
	Adsurl = {http://adsabs.harvard.edu/abs/2012MNRAS.425..720S},
	Archiveprefix = {arXiv},
	Author = {{Shetty}, R. and {Beaumont}, C.~N. and {Burton}, M.~G. and {Kelly}, B.~C. and {Klessen}, R.~S.},
	Date-Added = {2017-11-12 02:44:57 +0000},
	Date-Modified = {2017-11-12 02:44:57 +0000},
	Doi = {10.1111/j.1365-2966.2012.21588.x},
	Eprint = {1206.5803},
	Journal = {\mnras},
	Keywords = {turbulence, stars: formation, ISM: clouds, ISM: molecules, ISM: structure},
	Month = sep,
	Pages = {720-729},
	Title = {{The linewidth-size relationship in the dense interstellar medium of the Central Molecular Zone}},
	Volume = 425,
	Year = 2012,
	Bdsk-Url-1 = {http://dx.doi.org/10.1111/j.1365-2966.2012.21588.x}}

@article{Swinbank11,
	Adsnote = {Provided by the SAO/NASA Astrophysics Data System},
	Adsurl = {http://adsabs.harvard.edu/abs/2011ApJ...742...11S},
	Archiveprefix = {arXiv},
	Author = {{Swinbank}, A.~M. and {Papadopoulos}, P.~P. and {Cox}, P. and {Krips}, M. and {Ivison}, R.~J. and {Smail}, I. and {Thomson}, A.~P. and {Neri}, R. and {Richard}, J. and {Ebeling}, H.},
	Date-Added = {2017-11-12 02:44:57 +0000},
	Date-Modified = {2017-11-12 02:44:57 +0000},
	Doi = {10.1088/0004-637X/742/1/11},
	Eid = {11},
	Eprint = {1110.2780},
	Journal = {\apj},
	Keywords = {galaxies: evolution, galaxies: high-redshift, galaxies: individual: SMM J2135{\ndash}0102, galaxies: ISM, galaxies: starburst, galaxies: star formation},
	Month = nov,
	Pages = {11},
	Primaryclass = {astro-ph.CO},
	Title = {{The Interstellar Medium in Distant Star-forming Galaxies: Turbulent Pressure, Fragmentation, and Cloud Scaling Relations in a Dense Gas Disk at z = 2.3}},
	Volume = 742,
	Year = 2011,
	Bdsk-Url-1 = {http://dx.doi.org/10.1088/0004-637X/742/1/11}}

@article{Turner03,
	Adsnote = {Provided by the SAO/NASA Astrophysics Data System},
	Adsurl = {http://adsabs.harvard.edu/abs/2003Natur.423..621T},
	Author = {{Turner}, J.~L. and {Beck}, S.~C. and {Crosthwaite}, L.~P. and {Larkin}, J.~E. and {McLean}, I.~S. and {Meier}, D.~S.},
	Date-Added = {2017-11-12 02:44:57 +0000},
	Date-Modified = {2017-11-12 02:44:57 +0000},
	Eprint = {astro-ph/0311165},
	Journal = {\nat},
	Month = jun,
	Pages = {621-623},
	Title = {{An extragalactic supernebula confined by gravity}},
	Volume = 423,
	Year = 2003}

@article{vDC10,
	Adsnote = {Provided by the SAO/NASA Astrophysics Data System},
	Adsurl = {http://adsabs.harvard.edu/abs/2010Natur.468..940V},
	Archiveprefix = {arXiv},
	Author = {{van Dokkum}, P.~G. and {Conroy}, C.},
	Date-Added = {2017-11-12 02:44:57 +0000},
	Date-Modified = {2017-11-12 02:44:57 +0000},
	Doi = {10.1038/nature09578},
	Eprint = {1009.5992},
	Journal = {\nat},
	Month = dec,
	Pages = {940-942},
	Title = {{A substantial population of low-mass stars in luminous elliptical galaxies}},
	Volume = 468,
	Year = 2010,
	Bdsk-Url-1 = {http://dx.doi.org/10.1038/nature09578}}

@article{Wang13,
	Adsnote = {Provided by the SAO/NASA Astrophysics Data System},
	Adsurl = {http://adsabs.harvard.edu/abs/2013ApJ...773...44W},
	Archiveprefix = {arXiv},
	Author = {{Wang}, R. and {Wagg}, J. and {Carilli}, C.~L. and {Walter}, F. and {Lentati}, L. and {Fan}, X. and {Riechers}, D.~A. and {Bertoldi}, F. and {Narayanan}, D. and {Strauss}, M.~A. and {Cox}, P. and {Omont}, A. and {Menten}, K.~M. and {Knudsen}, K.~K. and {Neri}, R. and {Jiang}, L.},
	Date-Added = {2017-11-12 02:44:57 +0000},
	Date-Modified = {2017-11-12 02:44:57 +0000},
	Doi = {10.1088/0004-637X/773/1/44},
	Eid = {44},
	Eprint = {1302.4154},
	Journal = {\apj},
	Keywords = {galaxies: evolution, galaxies: high-redshift, galaxies: starburst, quasars: general, submillimeter: galaxies},
	Month = aug,
	Pages = {44},
	Primaryclass = {astro-ph.CO},
	Title = {{Star Formation and Gas Kinematics of Quasar Host Galaxies at z \~{} 6: New Insights from ALMA}},
	Volume = 773,
	Year = 2013,
	Bdsk-Url-1 = {http://dx.doi.org/10.1088/0004-637X/773/1/44}}

@article{Xu14,
	Adsnote = {Provided by the SAO/NASA Astrophysics Data System},
	Adsurl = {http://adsabs.harvard.edu/abs/2014ApJ...787...48X},
	Archiveprefix = {arXiv},
	Author = {{Xu}, C.~K. and {Cao}, C. and {Lu}, N. and {Gao}, Y. and {van der Werf}, P. and {Evans}, A.~S. and {Mazzarella}, J.~M. and {Chu}, J. and {Haan}, S. and {Diaz-Santos}, T. and {Meijerink}, R. and {Zhao}, Y.-H. and {Appleton}, P. and {Armus}, L. and {Charmandaris}, V. and {Lord}, S. and {Murphy}, E.~J. and {Sanders}, D.~B. and {Schulz}, B. and {Stierwalt}, S.},
	Date-Added = {2017-11-12 02:44:57 +0000},
	Date-Modified = {2017-11-12 02:44:57 +0000},
	Doi = {10.1088/0004-637X/787/1/48},
	Eid = {48},
	Eprint = {1404.1402},
	Journal = {\apj},
	Keywords = {galaxies: active, galaxies: evolution, galaxies: general, galaxies: interactions, galaxies: starburst, galaxies: Seyfert, submillimeter: galaxies},
	Month = may,
	Pages = {48},
	Title = {{ALMA Observations of Warm Molecular Gas and Cold Dust in NGC 34}},
	Volume = 787,
	Year = 2014,
	Bdsk-Url-1 = {http://dx.doi.org/10.1088/0004-637X/787/1/48}}

@article{Ziurys,
	Adsnote = {Provided by the SAO/NASA Astrophysics Data System},
	Adsurl = {http://adsabs.harvard.edu/abs/1986ApJ...300L..19Z},
	Author = {{Ziurys}, L.~M. and {Turner}, B.~E.},
	Date-Added = {2017-11-12 02:44:57 +0000},
	Date-Modified = {2017-11-12 02:44:57 +0000},
	Doi = {10.1086/184595},
	Journal = {\apjl},
	Keywords = {ABUNDANCE, HYDROCYANIC ACID, INTERSTELLAR MATTER, MOLECULAR OSCILLATIONS, ORION NEBULA, ELECTRON TRANSITIONS, STELLAR ENVELOPES},
	Month = jan,
	Pages = {L19-L23},
	Title = {{Detection of interstellar vibrationally excited HCN}},
	Volume = 300,
	Year = 1986,
	Bdsk-Url-1 = {http://dx.doi.org/10.1086/184595}}

@article{Belloche08,
	Adsnote = {Provided by the SAO/NASA Astrophysics Data System},
	Adsurl = {http://adsabs.harvard.edu/abs/2008A%26A...482..179B},
	Archiveprefix = {arXiv},
	Author = {{Belloche}, A. and {Menten}, K.~M. and {Comito}, C. and {M{\"u}ller}, H.~S.~P. and {Schilke}, P. and {Ott}, J. and {Thorwirth}, S. and {Hieret}, C.},
	Date-Added = {2017-11-12 02:40:22 +0000},
	Date-Modified = {2017-11-12 02:40:22 +0000},
	Doi = {10.1051/0004-6361:20079203},
	Eprint = {0801.3219},
	Journal = {\aap},
	Keywords = {astrobiology, astrochemistry, line: identification, stars: formation, ISM: individual, objects: Sagittarius B2, ISM: molecules},
	Month = apr,
	Pages = {179-196},
	Title = {{Detection of amino acetonitrile in Sgr B2(N)}},
	Volume = 482,
	Year = 2008,
	Bdsk-Url-1 = {http://dx.doi.org/10.1051/0004-6361:20079203}}

@article{Clark13,
	Adsnote = {Provided by the SAO/NASA Astrophysics Data System},
	Adsurl = {http://adsabs.harvard.edu/abs/2013ApJ...768L..34C},
	Author = {{Clark}, P.~C. and {Glover}, S.~C.~O. and {Ragan}, S.~E. and {Shetty}, R. and {Klessen}, R.~S.},
	Date-Added = {2017-11-12 02:40:22 +0000},
	Date-Modified = {2017-11-12 02:40:22 +0000},
	Doi = {10.1088/2041-8205/768/2/L34},
	Eid = {L34},
	Journal = {\apjl},
	Keywords = {cosmic rays, evolution, Galaxy: center, ISM: molecules},
	Month = may,
	Pages = {L34},
	Title = {{On the Temperature Structure of the Galactic Center Cloud G0.253+0.016}},
	Volume = 768,
	Year = 2013,
	Bdsk-Url-1 = {http://dx.doi.org/10.1088/2041-8205/768/2/L34}}

@article{Gusten83,
	Adsnote = {Provided by the SAO/NASA Astrophysics Data System},
	Adsurl = {http://adsabs.harvard.edu/abs/1983A%26A...125..136G},
	Author = {{G{\"u}sten}, R. and {Henkel}, C.},
	Date-Added = {2017-11-12 02:40:22 +0000},
	Date-Modified = {2017-11-12 02:40:22 +0000},
	Journal = {\aap},
	Keywords = {ASTRONOMICAL MAPS, DENSITY DISTRIBUTION, FORMALDEHYDE, GALACTIC NUCLEI, MOLECULAR CLOUDS, ABSORPTION SPECTRA, ELECTRON TRANSITIONS, INTERSTELLAR MATTER, LINE SPECTRA},
	Month = aug,
	Pages = {136-145},
	Title = {{H2 densities and masses of the molecular clouds close to the galactic center}},
	Volume = 125,
	Year = 1983}

@article{Higuchi14,
	Adsnote = {Provided by the SAO/NASA Astrophysics Data System},
	Adsurl = {http://adsabs.harvard.edu/abs/2014AJ....147..141H},
	Archiveprefix = {arXiv},
	Author = {{Higuchi}, A.~E. and {Chibueze}, J.~O. and {Habe}, A. and {Takahira}, K. and {Takano}, S.},
	Date-Added = {2017-11-12 02:40:22 +0000},
	Date-Modified = {2017-11-12 02:40:22 +0000},
	Doi = {10.1088/0004-6256/147/6/141},
	Eid = {141},
	Eprint = {1403.4734},
	Journal = {\aj},
	Keywords = {ISM: kinematics and dynamics, ISM: molecules, ISM: structure},
	Month = jun,
	Pages = {141},
	Title = {{ALMA View of G0.253+0.016: Can Cloud-Cloud Collision form the Cloud?}},
	Volume = 147,
	Year = 2014,
	Bdsk-Url-1 = {http://dx.doi.org/10.1088/0004-6256/147/6/141}}

@article{Hopkins16,
	Adsnote = {Provided by the SAO/NASA Astrophysics Data System},
	Adsurl = {http://adsabs.harvard.edu/abs/2016MNRAS.456.4174H},
	Archiveprefix = {arXiv},
	Author = {{Hopkins}, P.~F. and {Lee}, H.},
	Date-Added = {2017-11-12 02:40:22 +0000},
	Date-Modified = {2017-11-12 02:40:22 +0000},
	Doi = {10.1093/mnras/stv2745},
	Eprint = {1510.02477},
	Journal = {\mnras},
	Keywords = {accretion, accretion discs, instabilities, turbulence, planets and satellites: formation, galaxies: formation, cosmology: theory},
	Month = mar,
	Pages = {4174-4190},
	Title = {{The fundamentally different dynamics of dust and gas in molecular clouds}},
	Volume = 456,
	Year = 2016,
	Bdsk-Url-1 = {http://dx.doi.org/10.1093/mnras/stv2745}}

@article{Imara15,
	Adsnote = {Provided by the SAO/NASA Astrophysics Data System},
	Adsurl = {http://adsabs.harvard.edu/abs/2015ApJ...803...38I},
	Archiveprefix = {arXiv},
	Author = {{Imara}, N.},
	Date-Added = {2017-11-12 02:40:22 +0000},
	Date-Modified = {2017-11-12 02:40:22 +0000},
	Doi = {10.1088/0004-637X/803/1/38},
	Eid = {38},
	Eprint = {1503.02542},
	Journal = {\apj},
	Keywords = {dust, extinction, infrared: ISM, ISM: clouds, ISM: individual objects: G216-2.5, Rosette, radio lines: ISM},
	Month = apr,
	Pages = {38},
	Primaryclass = {astro-ph.SR},
	Title = {{Rethinking a Mysterious Molecular Cloud}},
	Volume = 803,
	Year = 2015,
	Bdsk-Url-1 = {http://dx.doi.org/10.1088/0004-637X/803/1/38}}

@article{Oka98,
	Author = {Oka, Tomoharu and Hasegawa, Tetsuo and Hayashi, Masahiko and Handa, Toshihiro and Sakamoto, Seiichi},
	Date-Added = {2017-11-12 02:40:22 +0000},
	Date-Modified = {2017-11-12 02:40:22 +0000},
	Journal = {Astrophysical Journal v.493},
	Pages = {730},
	Title = {{CO (J = 2--1) Line Observations of the Galactic Center Molecular Cloud Complex. II. Dynamical Structure and Physical Conditions}},
	Volume = {493},
	Year = {1998}}

@article{Padoan14,
	Adsnote = {Provided by the SAO/NASA Astrophysics Data System},
	Adsurl = {http://adsabs.harvard.edu/abs/2014prpl.conf...77P},
	Archiveprefix = {arXiv},
	Author = {{Padoan}, P. and {Federrath}, C. and {Chabrier}, G. and {Evans}, II, N.~J. and {Johnstone}, D. and {J{\o}rgensen}, J.~K. and {McKee}, C.~F. and {Nordlund}, {\AA}.},
	Date-Added = {2017-11-12 02:40:22 +0000},
	Date-Modified = {2017-11-12 02:40:22 +0000},
	Doi = {10.2458/azu_uapress_9780816531240-ch004},
	Eprint = {1312.5365},
	Journal = {Protostars and Planets VI},
	Pages = {77-100},
	Title = {{The Star Formation Rate of Molecular Clouds}},
	Year = 2014,
	Bdsk-Url-1 = {http://dx.doi.org/10.2458/azu_uapress_9780816531240-ch004}}

@article{Walmsley86,
	Adsnote = {Provided by the SAO/NASA Astrophysics Data System},
	Adsurl = {http://adsabs.harvard.edu/abs/1986A%26A...155..129W},
	Author = {{Walmsley}, C.~M. and {G{\"u}sten}, R. and {Angerhofer}, P. and {Churchwell}, E. and {Mundy}, L.},
	Date-Added = {2017-11-12 02:40:22 +0000},
	Date-Modified = {2017-11-12 02:40:22 +0000},
	Journal = {\aap},
	Keywords = {ACETYLENE, CYANO COMPOUNDS, GALACTIC EVOLUTION, GAS DENSITY, MOLECULAR CLOUDS, FORMALDEHYDE, HYDROGEN, LINE SPECTRA, STATISTICAL ANALYSIS},
	Month = jan,
	Pages = {129-136},
	Title = {{Cyanoacetylene in the SGR A molecular clouds}},
	Volume = 155,
	Year = 1986}

@article{YZ13,
	Adsnote = {Provided by the SAO/NASA Astrophysics Data System},
	Adsurl = {http://adsabs.harvard.edu/abs/2013ApJ...764L..19Y},
	Author = {{Yusef-Zadeh}, F. and {Cotton}, W. and {Viti}, S. and {Wardle}, M. and {Royster}, M.},
	Date-Added = {2017-11-12 02:40:22 +0000},
	Date-Modified = {2017-11-12 02:40:22 +0000},
	Doi = {10.1088/2041-8205/764/2/L19},
	Eid = {L19},
	Journal = {\apjl},
	Keywords = {astrochemistry, cosmic rays, Galaxy: nucleus, ISM: molecules, masers, stars: early-type},
	Month = feb,
	Pages = {L19},
	Title = {{Widespread Methanol Emission from the Galactic Center: The Role of Cosmic Rays}},
	Volume = 764,
	Year = 2013,
	Bdsk-Url-1 = {http://dx.doi.org/10.1088/2041-8205/764/2/L19}}

@article{Zylka92,
	Adsnote = {Provided by the SAO/NASA Astrophysics Data System},
	Adsurl = {http://adsabs.harvard.edu/abs/1992A%26AS...96..525Z},
	Author = {{Zylka}, R. and {Guesten}, R. and {Henkel}, C. and {Batrla}, W.},
	Date-Added = {2017-11-12 02:40:22 +0000},
	Date-Modified = {2017-11-12 02:40:22 +0000},
	Journal = {\aaps},
	Keywords = {ABSORPTION SPECTRA, FORMALDEHYDE, GALACTIC NUCLEI, INTERSTELLAR GAS, MOLECULAR CLOUDS, DATA REDUCTION, OPTICAL THICKNESS},
	Month = dec,
	Pages = {525-547},
	Title = {{H2CO survey in the galactic center - L = 0.5-4.0 deg}},
	Volume = 96,
	Year = 1992}

@article{Ao13,
	Adsnote = {Provided by the SAO/NASA Astrophysics Data System},
	Adsurl = {http://adsabs.harvard.edu/abs/2013A%26A...550A.135A},
	Archiveprefix = {arXiv},
	Author = {{Ao}, Y. and {Henkel}, C. and {Menten}, K.~M. and {Requena-Torres}, M.~A. and {Stanke}, T. and {Mauersberger}, R. and {Aalto}, S. and {M{\"u}hle}, S. and {Mangum}, J.},
	Date-Added = {2017-11-12 02:39:28 +0000},
	Date-Modified = {2017-11-12 02:39:28 +0000},
	Doi = {10.1051/0004-6361/201220096},
	Eid = {A135},
	Eprint = {1211.7142},
	Journal = {\aap},
	Keywords = {Galaxy: center, ISM: clouds, ISM: molecules, radio lines: ISM},
	Month = feb,
	Pages = {A135},
	Primaryclass = {astro-ph.GA},
	Title = {{The thermal state of molecular clouds in the Galactic center: evidence for non-photon-driven heating}},
	Volume = 550,
	Year = 2013,
	Bdsk-Url-1 = {http://dx.doi.org/10.1051/0004-6361/201220096}}

@article{Bolatto13,
	Adsnote = {Provided by the SAO/NASA Astrophysics Data System},
	Adsurl = {http://adsabs.harvard.edu/abs/2013Natur.499..450B},
	Archiveprefix = {arXiv},
	Author = {{Bolatto}, A.~D. and {Warren}, S.~R. and {Leroy}, A.~K. and {Walter}, F. and {Veilleux}, S. and {Ostriker}, E.~C. and {Ott}, J. and {Zwaan}, M. and {Fisher}, D.~B. and {Weiss}, A. and {Rosolowsky}, E. and {Hodge}, J.},
	Date-Added = {2017-11-12 02:39:28 +0000},
	Date-Modified = {2017-11-12 02:39:28 +0000},
	Doi = {10.1038/nature12351},
	Eprint = {1307.6259},
	Journal = {\nat},
	Month = jul,
	Pages = {450-453},
	Title = {{Suppression of star formation in the galaxy NGC 253 by a starburst-driven molecular wind}},
	Volume = 499,
	Year = 2013,
	Bdsk-Url-1 = {http://dx.doi.org/10.1038/nature12351}}

@article{Bordoloi17,
	Adsnote = {Provided by the SAO/NASA Astrophysics Data System},
	Adsurl = {http://adsabs.harvard.edu/abs/2017ApJ...834..191B},
	Archiveprefix = {arXiv},
	Author = {{Bordoloi}, R. and {Fox}, A.~J. and {Lockman}, F.~J. and {Wakker}, B.~P. and {Jenkins}, E.~B. and {Savage}, B.~D. and {Hernandez}, S. and {Tumlinson}, J. and {Bland-Hawthorn}, J. and {Kim}, T.-S.},
	Date-Added = {2017-11-12 02:39:28 +0000},
	Date-Modified = {2017-11-12 02:39:28 +0000},
	Doi = {10.3847/1538-4357/834/2/191},
	Eid = {191},
	Eprint = {1612.01578},
	Journal = {\apj},
	Keywords = {Galaxy: center, Galaxy: evolution, Galaxy: halo, ISM: jets and outflows, ISM: kinematics and dynamics, quasars: absorption lines},
	Month = jan,
	Pages = {191},
	Title = {{Mapping the Nuclear Outflow of the Milky Way: Studying the Kinematics and Spatial Extent of the Northern Fermi Bubble}},
	Volume = 834,
	Year = 2017,
	Bdsk-Url-1 = {http://dx.doi.org/10.3847/1538-4357/834/2/191}}

@inproceedings{Crocker11,
	Adsnote = {Provided by the SAO/NASA Astrophysics Data System},
	Adsurl = {http://adsabs.harvard.edu/abs/2012IAUS..284..371C},
	Archiveprefix = {arXiv},
	Author = {{Crocker}, R.~M.},
	Booktitle = {IAU Symposium},
	Date-Added = {2017-11-12 02:39:28 +0000},
	Date-Modified = {2017-11-12 02:39:28 +0000},
	Doi = {10.1017/S1743921312009441},
	Editor = {{Tuffs}, R.~J. and {Popescu}, C.~C.},
	Eprint = {1112.6249},
	Keywords = {Galaxy: center, cosmic rays, stars: formation, gamma rays: theory,},
	Month = aug,
	Pages = {371-378},
	Primaryclass = {astro-ph.GA},
	Series = {IAU Symposium},
	Title = {{The Galactic Centre - a laboratory for starburst galaxies (?)}},
	Volume = 284,
	Year = 2012,
	Bdsk-Url-1 = {http://dx.doi.org/10.1017/S1743921312009441}}

@article{Crocker15,
	Adsnote = {Provided by the SAO/NASA Astrophysics Data System},
	Adsurl = {http://adsabs.harvard.edu/abs/2015ApJ...808..107C},
	Archiveprefix = {arXiv},
	Author = {{Crocker}, R.~M. and {Bicknell}, G.~V. and {Taylor}, A.~M. and {Carretti}, E.},
	Date-Added = {2017-11-12 02:39:28 +0000},
	Date-Modified = {2017-11-12 02:39:28 +0000},
	Doi = {10.1088/0004-637X/808/2/107},
	Eid = {107},
	Eprint = {1412.7510},
	Journal = {\apj},
	Keywords = {cosmic rays, gamma rays: diffuse background},
	Month = aug,
	Pages = {107},
	Primaryclass = {astro-ph.HE},
	Title = {{A Unified Model of the Fermi Bubbles, Microwave Haze, and Polarized Radio Lobes: Reverse Shocks in the Galactic Center{\rsquo}s Giant Outflows}},
	Volume = 808,
	Year = 2015,
	Bdsk-Url-1 = {http://dx.doi.org/10.1088/0004-637X/808/2/107}}

@article{Dahmen98,
	Adsnote = {Provided by the SAO/NASA Astrophysics Data System},
	Adsurl = {http://adsabs.harvard.edu/abs/1998A%26A...331..959D},
	Author = {{Dahmen}, G. and {Huttemeister}, S. and {Wilson}, T.~L. and {Mauersberger}, R.},
	Date-Added = {2017-11-12 02:39:28 +0000},
	Date-Modified = {2017-11-12 02:39:28 +0000},
	Eprint = {arXiv:astro-ph/9711117},
	Journal = {\aap},
	Keywords = {GALAXY: CENTER, RADIATIVE TRANSFER, ISM: MOLECULES, ISM: STRUCTURE, GALAXIES: NUCLEI, RADIO LINES: ISM},
	Month = mar,
	Pages = {959-976},
	Title = {{Molecular gas in the Galactic center region. II. Gas mass and NH2 - 12CO conversion based on a C18O J=1-0 survey}},
	Volume = 331,
	Year = 1998}

@article{Ginsburg16,
	Adsnote = {Provided by the SAO/NASA Astrophysics Data System},
	Adsurl = {http://adsabs.harvard.edu/abs/2016A%26A...586A..50G},
	Archiveprefix = {arXiv},
	Author = {{Ginsburg}, A. and {Henkel}, C. and {Ao}, Y. and {Riquelme}, D. and {Kauffmann}, J. and {Pillai}, T. and {Mills}, E.~A.~C. and {Requena-Torres}, M.~A. and {Immer}, K. and {Testi}, L. and {Ott}, J. and {Bally}, J. and {Battersby}, C. and {Darling}, J. and {Aalto}, S. and {Stanke}, T. and {Kendrew}, S. and {Kruijssen}, J.~M.~D. and {Longmore}, S. and {Dale}, J. and {Guesten}, R. and {Menten}, K.~M.},
	Date-Added = {2017-11-12 02:39:28 +0000},
	Date-Modified = {2017-11-12 02:39:28 +0000},
	Doi = {10.1051/0004-6361/201526100},
	Eid = {A50},
	Eprint = {1509.01583},
	Journal = {\aap},
	Keywords = {Galaxy: center, ISM: molecules, ISM: structure, Galaxy: nucleus, cosmic rays, ISM: clouds},
	Month = feb,
	Pages = {A50},
	Title = {{Dense gas in the Galactic central molecular zone is warm and heated by turbulence}},
	Volume = 586,
	Year = 2016,
	Bdsk-Url-1 = {http://dx.doi.org/10.1051/0004-6361/201526100}}

@article{GS04b,
	Author = {Gao, Yu and Solomon, Philip M},
	Date-Added = {2017-11-12 02:39:28 +0000},
	Date-Modified = {2017-11-12 02:39:28 +0000},
	Journal = {\apj},
	Month = may,
	Number = {1},
	Pages = {271--290},
	Title = {{The Star Formation Rate and Dense Molecular Gas in Galaxies}},
	Volume = {606},
	Year = {2004}}

@article{Henshaw16,
	Adsnote = {Provided by the SAO/NASA Astrophysics Data System},
	Adsurl = {http://adsabs.harvard.edu/abs/2016MNRAS.457.2675H},
	Archiveprefix = {arXiv},
	Author = {{Henshaw}, J.~D. and {Longmore}, S.~N. and {Kruijssen}, J.~M.~D. and {Davies}, B. and {Bally}, J. and {Barnes}, A. and {Battersby}, C. and {Burton}, M. and {Cunningham}, M.~R. and {Dale}, J.~E. and {Ginsburg}, A. and {Immer}, K. and {Jones}, P.~A. and {Kendrew}, S. and {Mills}, E.~A.~C. and {Molinari}, S. and {Moore}, T.~J.~T. and {Ott}, J. and {Pillai}, T. and {Rathborne}, J. and {Schilke}, P. and {Schmiedeke}, A. and {Testi}, L. and {Walker}, D. and {Walsh}, A. and {Zhang}, Q.},
	Date-Added = {2017-11-12 02:39:28 +0000},
	Date-Modified = {2017-11-12 02:39:28 +0000},
	Doi = {10.1093/mnras/stw121},
	Eprint = {1601.03732},
	Journal = {\mnras},
	Keywords = {stars: formation, ISM: clouds, ISM: kinematics and dynamics, ISM: structure, Galaxy: centre, galaxies: ISM},
	Month = apr,
	Pages = {2675-2702},
	Title = {{Molecular gas kinematics within the central 250 pc of the Milky Way}},
	Volume = 457,
	Year = 2016,
	Bdsk-Url-1 = {http://dx.doi.org/10.1093/mnras/stw121}}

@article{Henshaw16b,
	Adsnote = {Provided by the SAO/NASA Astrophysics Data System},
	Adsurl = {http://adsabs.harvard.edu/abs/2016MNRAS.463L.122H},
	Archiveprefix = {arXiv},
	Author = {{Henshaw}, J.~D. and {Longmore}, S.~N. and {Kruijssen}, J.~M.~D.},
	Date-Added = {2017-11-12 02:39:28 +0000},
	Date-Modified = {2017-11-12 02:39:28 +0000},
	Doi = {10.1093/mnrasl/slw168},
	Eprint = {1609.01721},
	Journal = {\mnras},
	Keywords = {stars: formation, ISM: clouds, ISM: kinematics and dynamics, ISM: structure, Galaxy: centre, Galaxy: kinematics and dynamics},
	Month = nov,
	Pages = {L122-L126},
	Title = {{Seeding the Galactic Centre gas stream: gravitational instabilities set the initial conditions for the formation of protocluster clouds}},
	Volume = 463,
	Year = 2016,
	Bdsk-Url-1 = {http://dx.doi.org/10.1093/mnrasl/slw168}}

@article{JMP97,
	Adsnote = {Provided by the SAO/NASA Astrophysics Data System},
	Adsurl = {http://adsabs.harvard.edu/abs/1997ApJ...482L..45M},
	Author = {{Martin-Pintado}, J. and {de Vicente}, P. and {Fuente}, A. and {Planesas}, P.},
	Date-Added = {2017-11-12 02:39:28 +0000},
	Date-Modified = {2017-11-12 02:39:28 +0000},
	Doi = {10.1086/310691},
	Eprint = {arXiv:astro-ph/9704006},
	Journal = {\apjl},
	Keywords = {GALAXY: CENTER, ISM: MOLECULES, ISM: CLOUDS, ISM: STRUCTURE, ISM: ABUNDANCES, RADIO LINES: ISM},
	Month = jun,
	Pages = {L45+},
	Title = {{SiO Emission from the Galactic Center Molecular Clouds}},
	Volume = 482,
	Year = 1997,
	Bdsk-Url-1 = {http://dx.doi.org/10.1086/310691}}

@article{Johnson15,
	Adsnote = {Provided by the SAO/NASA Astrophysics Data System},
	Adsurl = {http://adsabs.harvard.edu/abs/2015ApJ...806...35J},
	Archiveprefix = {arXiv},
	Author = {{Johnson}, K.~E. and {Leroy}, A.~K. and {Indebetouw}, R. and {Brogan}, C.~L. and {Whitmore}, B.~C. and {Hibbard}, J. and {Sheth}, K. and {Evans}, A.~S.},
	Date-Added = {2017-11-12 02:39:28 +0000},
	Date-Modified = {2017-11-12 02:39:28 +0000},
	Doi = {10.1088/0004-637X/806/1/35},
	Eid = {35},
	Eprint = {1503.06477},
	Journal = {\apj},
	Keywords = {galaxies: clusters: general, galaxies: individual: NGC 4038{\amp}9, galaxies: interactions, galaxies: star formation, submillimeter: galaxies},
	Month = jun,
	Pages = {35},
	Title = {{The Physical Conditions in a Pre-super Star Cluster Molecular Cloud in the Antennae Galaxies}},
	Volume = 806,
	Year = 2015,
	Bdsk-Url-1 = {http://dx.doi.org/10.1088/0004-637X/806/1/35}}

@article{Jones12,
	Adsnote = {Provided by the SAO/NASA Astrophysics Data System},
	Adsurl = {http://adsabs.harvard.edu/abs/2012MNRAS.419.2961J},
	Archiveprefix = {arXiv},
	Author = {{Jones}, P.~A. and {Burton}, M.~G. and {Cunningham}, M.~R. and {Requena-Torres}, M.~A. and {Menten}, K.~M. and {Schilke}, P. and {Belloche}, A. and {Leurini}, S. and {Mart{\'{\i}}n-Pintado}, J. and {Ott}, J. and {Walsh}, A.~J.},
	Date-Added = {2017-11-12 02:39:28 +0000},
	Date-Modified = {2017-11-12 02:39:28 +0000},
	Doi = {10.1111/j.1365-2966.2011.19941.x},
	Eprint = {1110.1421},
	Journal = {\mnras},
	Keywords = {ISM: kinematics and dynamics, ISM: molecules, radio lines: ISM},
	Month = feb,
	Pages = {2961-2986},
	Primaryclass = {astro-ph.GA},
	Title = {{Spectral imaging of the Central Molecular Zone in multiple 3-mm molecular lines}},
	Volume = 419,
	Year = 2012,
	Bdsk-Url-1 = {http://dx.doi.org/10.1111/j.1365-2966.2011.19941.x}}

@article{KK15,
	Adsnote = {Provided by the SAO/NASA Astrophysics Data System},
	Adsurl = {http://adsabs.harvard.edu/abs/2015MNRAS.453..739K},
	Archiveprefix = {arXiv},
	Author = {{Krumholz}, M.~R. and {Kruijssen}, J.~M.~D.},
	Date-Added = {2017-11-12 02:39:28 +0000},
	Date-Modified = {2017-11-12 02:39:28 +0000},
	Doi = {10.1093/mnras/stv1670},
	Eprint = {1505.07111},
	Journal = {\mnras},
	Keywords = {stars: formation, ISM: kinematics and dynamics, Galaxy: centre, Galaxy: evolution, galaxies: evolution},
	Month = oct,
	Pages = {739-757},
	Title = {{A dynamical model for the formation of gas rings and episodic starbursts near galactic centres}},
	Volume = 453,
	Year = 2015,
	Bdsk-Url-1 = {http://dx.doi.org/10.1093/mnras/stv1670}}

@article{KK17,
	Adsnote = {Provided by the SAO/NASA Astrophysics Data System},
	Adsurl = {http://adsabs.harvard.edu/abs/2017MNRAS.466.1213K},
	Archiveprefix = {arXiv},
	Author = {{Krumholz}, M.~R. and {Kruijssen}, J.~M.~D. and {Crocker}, R.~M.},
	Date-Added = {2017-11-12 02:39:28 +0000},
	Date-Modified = {2017-11-12 02:39:28 +0000},
	Doi = {10.1093/mnras/stw3195},
	Eprint = {1605.02850},
	Journal = {\mnras},
	Keywords = {stars: formation, ISM: kinematics and dynamics, Galaxy: nucleus, galaxies: nuclei, galaxies: spiral, galaxies: star formation},
	Month = apr,
	Pages = {1213-1233},
	Title = {{A dynamical model for gas flows, star formation and nuclear winds in galactic centres}},
	Volume = 466,
	Year = 2017,
	Bdsk-Url-1 = {http://dx.doi.org/10.1093/mnras/stw3195}}

@article{Kruijssen13b,
	Adsnote = {Provided by the SAO/NASA Astrophysics Data System},
	Adsurl = {http://adsabs.harvard.edu/abs/2013MNRAS.435.2598K},
	Archiveprefix = {arXiv},
	Author = {{Kruijssen}, J.~M.~D. and {Longmore}, S.~N.},
	Date-Added = {2017-11-12 02:39:28 +0000},
	Date-Modified = {2017-11-12 02:39:28 +0000},
	Doi = {10.1093/mnras/stt1634},
	Eprint = {1309.0505},
	Journal = {\mnras},
	Keywords = {stars: formation, Galaxy: centre, galaxies: ISM, galaxies: starburst, galaxies: star formation},
	Month = nov,
	Pages = {2598-2603},
	Title = {{Comparing molecular gas across cosmic time-scales: the Milky Way as both a typical spiral galaxy and a high-redshift galaxy analogue}},
	Volume = 435,
	Year = 2013,
	Bdsk-Url-1 = {http://dx.doi.org/10.1093/mnras/stt1634}}

@article{Kruijssen15,
	Adsnote = {Provided by the SAO/NASA Astrophysics Data System},
	Adsurl = {http://adsabs.harvard.edu/abs/2015MNRAS.447.1059K},
	Archiveprefix = {arXiv},
	Author = {{Kruijssen}, J.~M.~D. and {Dale}, J.~E. and {Longmore}, S.~N.},
	Date-Added = {2017-11-12 02:39:28 +0000},
	Date-Modified = {2017-11-12 02:39:28 +0000},
	Doi = {10.1093/mnras/stu2526},
	Eprint = {1412.0664},
	Journal = {\mnras},
	Keywords = {stars: formation, ISM: clouds, ISM: kinematics and dynamics, Galaxy: centre, galaxies: ISM},
	Month = feb,
	Pages = {1059-1079},
	Title = {{The dynamical evolution of molecular clouds near the Galactic Centre - I. Orbital structure and evolutionary timeline}},
	Volume = 447,
	Year = 2015,
	Bdsk-Url-1 = {http://dx.doi.org/10.1093/mnras/stu2526}}

@article{Lada13,
	Adsnote = {Provided by the SAO/NASA Astrophysics Data System},
	Adsurl = {http://adsabs.harvard.edu/abs/2013ApJ...778..133L},
	Archiveprefix = {arXiv},
	Author = {{Lada}, C.~J. and {Lombardi}, M. and {Roman-Zuniga}, C. and {Forbrich}, J. and {Alves}, J.~F.},
	Date-Added = {2017-11-12 02:39:28 +0000},
	Date-Modified = {2017-11-12 02:39:28 +0000},
	Doi = {10.1088/0004-637X/778/2/133},
	Eid = {133},
	Eprint = {1309.7055},
	Journal = {\apj},
	Keywords = {galaxies: star formation, ISM: clouds, stars: formation},
	Month = dec,
	Pages = {133},
	Title = {{Schmidt's Conjecture and Star Formation in Molecular Clouds}},
	Volume = 778,
	Year = 2013,
	Bdsk-Url-1 = {http://dx.doi.org/10.1088/0004-637X/778/2/133}}

@article{Launhardt02,
	Adsnote = {Provided by the SAO/NASA Astrophysics Data System},
	Adsurl = {http://adsabs.harvard.edu/abs/2002A%26A...384..112L},
	Author = {{Launhardt}, R. and {Zylka}, R. and {Mezger}, P.~G.},
	Date-Added = {2017-11-12 02:39:28 +0000},
	Date-Modified = {2017-11-12 02:39:28 +0000},
	Doi = {10.1051/0004-6361:20020017},
	Eprint = {arXiv:astro-ph/0201294},
	Journal = {\aap},
	Keywords = {DUST, EXTINCTION, ISM: STRUCTURE, GALAXY: CENTRE, GALAXY: STRUCTURE, INFRARED: ISM},
	Month = mar,
	Pages = {112-139},
	Title = {{The nuclear bulge of the Galaxy. III. Large-scale physical characteristics of stars and interstellar matter}},
	Volume = 384,
	Year = 2002,
	Bdsk-Url-1 = {http://dx.doi.org/10.1051/0004-6361:20020017}}

@article{Leroy15,
	Adsnote = {Provided by the SAO/NASA Astrophysics Data System},
	Adsurl = {http://adsabs.harvard.edu/abs/2015ApJ...801...25L},
	Archiveprefix = {arXiv},
	Author = {{Leroy}, A.~K. and {Bolatto}, A.~D. and {Ostriker}, E.~C. and {Rosolowsky}, E. and {Walter}, F. and {Warren}, S.~R. and {Donovan Meyer}, J. and {Hodge}, J. and {Meier}, D.~S. and {Ott}, J. and {Sandstrom}, K. and {Schruba}, A. and {Veilleux}, S. and {Zwaan}, M.},
	Date-Added = {2017-11-12 02:39:28 +0000},
	Date-Modified = {2017-11-12 02:39:28 +0000},
	Doi = {10.1088/0004-637X/801/1/25},
	Eid = {25},
	Eprint = {1411.2836},
	Journal = {\apj},
	Keywords = {galaxies: ISM, galaxies: starburst, galaxies: star formation, ISM: molecules, radio lines: galaxies, radio lines: ISM, stars: formation},
	Month = mar,
	Pages = {25},
	Title = {{ALMA Reveals the Molecular Medium Fueling the Nearest Nuclear Starburst}},
	Volume = 801,
	Year = 2015,
	Bdsk-Url-1 = {http://dx.doi.org/10.1088/0004-637X/801/1/25}}

@article{Leroy17,
	Adsnote = {Provided by the SAO/NASA Astrophysics Data System},
	Adsurl = {http://adsabs.harvard.edu/abs/2017ApJ...835..217L},
	Archiveprefix = {arXiv},
	Author = {{Leroy}, A.~K. and {Usero}, A. and {Schruba}, A. and {Bigiel}, F. and {Kruijssen}, J.~M.~D. and {Kepley}, A. and {Blanc}, G.~A. and {Bolatto}, A.~D. and {Cormier}, D. and {Gallagher}, M. and {Hughes}, A. and {Jim{\'e}nez-Donaire}, M.~J. and {Rosolowsky}, E. and {Schinnerer}, E.},
	Date-Added = {2017-11-12 02:39:28 +0000},
	Date-Modified = {2017-11-12 02:39:28 +0000},
	Doi = {10.3847/1538-4357/835/2/217},
	Eid = {217},
	Eprint = {1611.09864},
	Journal = {\apj},
	Keywords = {galaxies: ISM, galaxies: star formation, ISM: clouds, ISM: molecules, ISM: structure, radio lines: ISM},
	Month = feb,
	Pages = {217},
	Title = {{Millimeter-wave Line Ratios and Sub-beam Volume Density Distributions}},
	Volume = 835,
	Year = 2017,
	Bdsk-Url-1 = {http://dx.doi.org/10.3847/1538-4357/835/2/217}}

@article{Liermann12,
	Adsnote = {Provided by the SAO/NASA Astrophysics Data System},
	Adsurl = {http://adsabs.harvard.edu/abs/2012A%26A...540A..14L},
	Archiveprefix = {arXiv},
	Author = {{Liermann}, A. and {Hamann}, W.-R. and {Oskinova}, L.~M.},
	Date-Added = {2017-11-12 02:39:28 +0000},
	Date-Modified = {2017-11-12 02:39:28 +0000},
	Doi = {10.1051/0004-6361/201117534},
	Eid = {A14},
	Eprint = {1203.2435},
	Journal = {\aap},
	Keywords = {stars: late-type, Hertzsprung-Russell and C-M diagrams, infrared: stars, stars: early-type, open cluster and associations: individual: Quintuplet},
	Month = apr,
	Pages = {A14},
	Primaryclass = {astro-ph.GA},
	Title = {{The Quintuplet cluster. III. Hertzsprung-Russell diagram and cluster age}},
	Volume = 540,
	Year = 2012,
	Bdsk-Url-1 = {http://dx.doi.org/10.1051/0004-6361/201117534}}

@article{Lis91,
	Adsnote = {Provided by the SAO/NASA Astrophysics Data System},
	Adsurl = {http://adsabs.harvard.edu/abs/1991ApJ...369..157L},
	Author = {{Lis}, D.~C. and {Goldsmith}, P.~F.},
	Date-Added = {2017-11-12 02:39:28 +0000},
	Date-Modified = {2017-11-12 02:39:28 +0000},
	Doi = {10.1086/169746},
	Journal = {\apj},
	Keywords = {Gas Density, Interstellar Gas, Molecular Clouds, Orion Nebula, Sagittarius Constellation, Carbon Monoxide, Radiation Distribution, Statistical Analysis, interstellar: abundances interstellar: molecules nebulae: individual (Sagittarius B2)},
	Month = mar,
	Pages = {157-168},
	Title = {{High-density gas in the core of the Sagittarius B2 molecular cloud}},
	Volume = 369,
	Year = 1991,
	Bdsk-Url-1 = {http://dx.doi.org/10.1086/169746}}

@article{Longmore13,
	Adsnote = {Provided by the SAO/NASA Astrophysics Data System},
	Adsurl = {http://adsabs.harvard.edu/abs/2013MNRAS.429..987L},
	Archiveprefix = {arXiv},
	Author = {{Longmore}, S.~N. and {Bally}, J. and {Testi}, L. and {Purcell}, C.~R. and {Walsh}, A.~J. and {Bressert}, E. and {Pestalozzi}, M. and {Molinari}, S. and {Ott}, J. and {Cortese}, L. and {Battersby}, C. and {Murray}, N. and {Lee}, E. and {Kruijssen}, J.~M.~D. and {Schisano}, E. and {Elia}, D.},
	Date-Added = {2017-11-12 02:39:28 +0000},
	Date-Modified = {2017-11-12 02:39:28 +0000},
	Doi = {10.1093/mnras/sts376},
	Eprint = {1208.4256},
	Journal = {\mnras},
	Keywords = {masers, stars: formation, stars: massive, ISM: clouds, ISM: evolution, Galaxy: centre},
	Month = feb,
	Pages = {987-1000},
	Primaryclass = {astro-ph.GA},
	Title = {{Variations in the Galactic star formation rate and density thresholds for star formation}},
	Volume = 429,
	Year = 2013,
	Bdsk-Url-1 = {http://dx.doi.org/10.1093/mnras/sts376}}

@article{Lu13,
	Adsnote = {Provided by the SAO/NASA Astrophysics Data System},
	Adsurl = {http://adsabs.harvard.edu/abs/2013ApJ...764..155L},
	Archiveprefix = {arXiv},
	Author = {{Lu}, J.~R. and {Do}, T. and {Ghez}, A.~M. and {Morris}, M.~R. and {Yelda}, S. and {Matthews}, K.},
	Date-Added = {2017-11-12 02:39:28 +0000},
	Date-Modified = {2017-11-12 02:39:28 +0000},
	Doi = {10.1088/0004-637X/764/2/155},
	Eid = {155},
	Eprint = {1301.0540},
	Journal = {\apj},
	Keywords = {Galaxy: center, infrared: stars, methods: statistical, stars: evolution, stars: luminosity function, mass function, stars: massive},
	Month = feb,
	Pages = {155},
	Primaryclass = {astro-ph.SR},
	Title = {{Stellar Populations in the Central 0.5 pc of the Galaxy. II. The Initial Mass Function}},
	Volume = 764,
	Year = 2013,
	Bdsk-Url-1 = {http://dx.doi.org/10.1088/0004-637X/764/2/155}}

@article{Martins08,
	Adsnote = {Provided by the SAO/NASA Astrophysics Data System},
	Adsurl = {http://adsabs.harvard.edu/abs/2008A%26A...478..219M},
	Archiveprefix = {arXiv},
	Author = {{Martins}, F. and {Hillier}, D.~J. and {Paumard}, T. and {Eisenhauer}, F. and {Ott}, T. and {Genzel}, R.},
	Date-Added = {2017-11-12 02:39:28 +0000},
	Date-Modified = {2017-11-12 02:39:28 +0000},
	Doi = {10.1051/0004-6361:20078469},
	Eprint = {0711.0657},
	Journal = {\aap},
	Keywords = {stars: early-type, stars: Wolf-Rayet, stars: atmospheres, stars: winds, outflows, Galaxy: center},
	Month = jan,
	Pages = {219-233},
	Title = {{The most massive stars in the Arches cluster}},
	Volume = 478,
	Year = 2008,
	Bdsk-Url-1 = {http://dx.doi.org/10.1051/0004-6361:20078469}}

@article{MB17,
	Adsnote = {Provided by the SAO/NASA Astrophysics Data System},
	Adsurl = {http://adsabs.harvard.edu/abs/2017ApJ...835...76M},
	Archiveprefix = {arXiv},
	Author = {{Mills}, E.~A.~C. and {Battersby}, C.},
	Date-Added = {2017-11-12 02:39:28 +0000},
	Date-Modified = {2017-11-12 02:39:28 +0000},
	Doi = {10.3847/1538-4357/835/1/76},
	Eid = {76},
	Eprint = {1701.04822},
	Journal = {\apj},
	Keywords = {galaxies: ISM, Galaxy: center, ISM: abundances, submillimeter: ISM},
	Month = jan,
	Pages = {76},
	Title = {{Origins of Scatter in the Relationship between HCN 1-0 and Dense Gas Mass in the Galactic Center}},
	Volume = 835,
	Year = 2017,
	Bdsk-Url-1 = {http://dx.doi.org/10.3847/1538-4357/835/1/76}}

@article{Molinari11,
	Adsnote = {Provided by the SAO/NASA Astrophysics Data System},
	Adsurl = {http://adsabs.harvard.edu/abs/2011ApJ...735L..33M},
	Archiveprefix = {arXiv},
	Author = {{Molinari}, S. and {Bally}, J. and {Noriega-Crespo}, A. and {Compi{\`e}gne}, M. and {Bernard}, J.~P. and {Paradis}, D. and {Martin}, P. and {Testi}, L. and {Barlow}, M. and {Moore}, T. and {Plume}, R. and {Swinyard}, B. and {Zavagno}, A. and {Calzoletti}, L. and {Di Giorgio}, A.~M. and {Elia}, D. and {Faustini}, F. and {Natoli}, P. and {Pestalozzi}, M. and {Pezzuto}, S. and {Piacentini}, F. and {Polenta}, G. and {Polychroni}, D. and {Schisano}, E. and {Traficante}, A. and {Veneziani}, M. and {Battersby}, C. and {Burton}, M. and {Carey}, S. and {Fukui}, Y. and {Li}, J.~Z. and {Lord}, S.~D. and {Morgan}, L. and {Motte}, F. and {Schuller}, F. and {Stringfellow}, G.~S. and {Tan}, J.~C. and {Thompson}, M.~A. and {Ward-Thompson}, D. and {White}, G. and {Umana}, G.},
	Date-Added = {2017-11-12 02:39:28 +0000},
	Date-Modified = {2017-11-12 02:39:28 +0000},
	Doi = {10.1088/2041-8205/735/2/L33},
	Eid = {L33},
	Eprint = {1105.5486},
	Journal = {\apjl},
	Keywords = {Galaxy: center, ISM: clouds, stars: formation},
	Month = jul,
	Pages = {L33},
	Primaryclass = {astro-ph.GA},
	Title = {{A 100 pc Elliptical and Twisted Ring of Cold and Dense Molecular Clouds Revealed by Herschel Around the Galactic Center}},
	Volume = 735,
	Year = 2011,
	Bdsk-Url-1 = {http://dx.doi.org/10.1088/2041-8205/735/2/L33}}

@article{MS10,
	Adsnote = {Provided by the SAO/NASA Astrophysics Data System},
	Adsurl = {http://adsabs.harvard.edu/abs/2010ApJ...716.1166M},
	Archiveprefix = {arXiv},
	Author = {{M{\"u}ller-S{\'a}nchez}, F. and {Gonz{\'a}lez-Mart{\'{\i}}n}, O. and {Fern{\'a}ndez-Ontiveros}, J.~A. and {Acosta-Pulido}, J.~A. and {Prieto}, M.~A.},
	Date-Added = {2017-11-12 02:39:28 +0000},
	Date-Modified = {2017-11-12 02:39:28 +0000},
	Doi = {10.1088/0004-637X/716/2/1166},
	Eprint = {1005.1645},
	Journal = {\apj},
	Keywords = {galaxies: individual: NGC 253, galaxies: kinematics and dynamics, galaxies: nuclei, galaxies: starburst, infrared: galaxies, X-rays: galaxies},
	Month = jun,
	Pages = {1166-1177},
	Title = {{The Stellar Kinematic Center and the True Galactic Nucleus of NGC 253}},
	Volume = 716,
	Year = 2010,
	Bdsk-Url-1 = {http://dx.doi.org/10.1088/0004-637X/716/2/1166}}

@article{Oka12,
	Adsnote = {Provided by the SAO/NASA Astrophysics Data System},
	Adsurl = {http://adsabs.harvard.edu/abs/2012ApJS..201...14O},
	Author = {{Oka}, T. and {Onodera}, Y. and {Nagai}, M. and {Tanaka}, K. and {Matsumura}, S. and {Kamegai}, K.},
	Date-Added = {2017-11-12 02:39:28 +0000},
	Date-Modified = {2017-11-12 02:39:28 +0000},
	Doi = {10.1088/0067-0049/201/2/14},
	Eid = {14},
	Journal = {\apjs},
	Keywords = {Galaxy: center, galaxies: nuclei, ISM: clouds},
	Month = aug,
	Pages = {14},
	Title = {{ASTE CO J = 3-2 Survey of the Galactic Center}},
	Volume = 201,
	Year = 2012,
	Bdsk-Url-1 = {http://dx.doi.org/10.1088/0067-0049/201/2/14}}

@article{Ott05,
	Adsnote = {Provided by the SAO/NASA Astrophysics Data System},
	Adsurl = {http://adsabs.harvard.edu/abs/2005ApJ...629..767O},
	Author = {{Ott}, J. and {Weiss}, A. and {Henkel}, C. and {Walter}, F.},
	Date-Added = {2017-11-12 02:39:28 +0000},
	Date-Modified = {2017-11-12 02:39:28 +0000},
	Doi = {10.1086/431661},
	Eprint = {arXiv:astro-ph/0505143},
	Journal = {\apj},
	Keywords = {Galaxies: Individual: NGC Number: NGC 253, Galaxies: ISM, Galaxies: Nuclei, Galaxies: Starburst, ISM: Molecules, Radio Lines: Galaxies},
	Month = aug,
	Pages = {767-780},
	Title = {{The Temperature Distribution of Dense Molecular Gas in the Center of NGC 253}},
	Volume = 629,
	Year = 2005,
	Bdsk-Url-1 = {http://dx.doi.org/10.1086/431661}}

@article{Ott14,
	Adsnote = {Provided by the SAO/NASA Astrophysics Data System},
	Adsurl = {http://adsabs.harvard.edu/abs/2014ApJ...785...55O},
	Archiveprefix = {arXiv},
	Author = {{Ott}, J. and {Wei{\ss}}, A. and {Staveley-Smith}, L. and {Henkel}, C. and {Meier}, D.~S.},
	Date-Added = {2017-11-12 02:39:28 +0000},
	Date-Modified = {2017-11-12 02:39:28 +0000},
	Doi = {10.1088/0004-637X/785/1/55},
	Eid = {55},
	Eprint = {1402.4531},
	Journal = {\apj},
	Keywords = {Galaxy: center, ISM: clouds, ISM: kinematics and dynamics, ISM: molecules, ISM: structure, stars: formation},
	Month = apr,
	Pages = {55},
	Title = {{ATCA Survey of Ammonia in the Galactic Center: The Temperatures of Dense Gas Clumps between Sgr A* and Sgr B2}},
	Volume = 785,
	Year = 2014,
	Bdsk-Url-1 = {http://dx.doi.org/10.1088/0004-637X/785/1/55}}

@article{Rathborne14a,
	Adsnote = {Provided by the SAO/NASA Astrophysics Data System},
	Adsurl = {http://adsabs.harvard.edu/abs/2014ApJ...786..140R},
	Archiveprefix = {arXiv},
	Author = {{Rathborne}, J.~M. and {Longmore}, S.~N. and {Jackson}, J.~M. and {Foster}, J.~B. and {Contreras}, Y. and {Garay}, G. and {Testi}, L. and {Alves}, J.~F. and {Bally}, J. and {Bastian}, N. and {Kruijssen}, J.~M.~D. and {Bressert}, E.},
	Date-Added = {2017-11-12 02:39:28 +0000},
	Date-Modified = {2017-11-12 02:39:28 +0000},
	Doi = {10.1088/0004-637X/786/2/140},
	Eid = {140},
	Eprint = {1403.0996},
	Journal = {\apj},
	Keywords = {dust, extinction, infrared: ISM, ISM: clouds, radio lines: ISM, stars: formation},
	Month = may,
	Pages = {140},
	Title = {{G0.253+0.016: A Centrally Condensed, High-mass Protocluster}},
	Volume = 786,
	Year = 2014,
	Bdsk-Url-1 = {http://dx.doi.org/10.1088/0004-637X/786/2/140}}

@article{Rathborne15,
	Adsnote = {Provided by the SAO/NASA Astrophysics Data System},
	Adsurl = {http://adsabs.harvard.edu/abs/2015ApJ...802..125R},
	Archiveprefix = {arXiv},
	Author = {{Rathborne}, J.~M. and {Longmore}, S.~N. and {Jackson}, J.~M. and {Alves}, J.~F. and {Bally}, J. and {Bastian}, N. and {Contreras}, Y. and {Foster}, J.~B. and {Garay}, G. and {Kruijssen}, J.~M.~D. and {Testi}, L. and {Walsh}, A.~J.},
	Date-Added = {2017-11-12 02:39:28 +0000},
	Date-Modified = {2017-11-12 02:39:28 +0000},
	Doi = {10.1088/0004-637X/802/2/125},
	Eid = {125},
	Eprint = {1501.07368},
	Journal = {\apj},
	Keywords = {dust, extinction, infrared: ISM, ISM: clouds, radio lines: ISM, stars: formation},
	Month = apr,
	Pages = {125},
	Title = {{A Cluster in the Making: ALMA Reveals the Initial Conditions for High-mass Cluster Formation}},
	Volume = 802,
	Year = 2015,
	Bdsk-Url-1 = {http://dx.doi.org/10.1088/0004-637X/802/2/125}}

@article{RT06,
	Author = {Requena-Torres, M A and Martin-Pintado, J and Rodr{\'\i}guez-Franco, A and Mart{\'\i}n, Sergio and Rodr{\'\i}guez-Fern{\'a}ndez, Nemesio J and de Vicente, P},
	Date-Added = {2017-11-12 02:39:28 +0000},
	Date-Modified = {2017-11-12 02:39:28 +0000},
	Journal = {Astronomy and Astrophysics},
	Month = sep,
	Pages = {971},
	Title = {{Organic molecules in the Galactic center. Hot core chemistry without hot cores}},
	Volume = {455},
	Year = {2006}}

@article{Scoville16,
	Adsnote = {Provided by the SAO/NASA Astrophysics Data System},
	Adsurl = {http://adsabs.harvard.edu/abs/2016ApJ...820...83S},
	Archiveprefix = {arXiv},
	Author = {{Scoville}, N. and {Sheth}, K. and {Aussel}, H. and {Vanden Bout}, P. and {Capak}, P. and {Bongiorno}, A. and {Casey}, C.~M. and {Murchikova}, L. and {Koda}, J. and {{\'A}lvarez-M{\'a}rquez}, J. and {Lee}, N. and {Laigle}, C. and {McCracken}, H.~J. and {Ilbert}, O. and {Pope}, A. and {Sanders}, D. and {Chu}, J. and {Toft}, S. and {Ivison}, R.~J. and {Manohar}, S.},
	Date-Added = {2017-11-12 02:39:28 +0000},
	Date-Modified = {2017-11-12 02:39:28 +0000},
	Doi = {10.3847/0004-637X/820/2/83},
	Eid = {83},
	Eprint = {1511.05149},
	Journal = {\apj},
	Keywords = {cosmology: observations, galaxies: evolution, galaxies: ISM},
	Month = apr,
	Pages = {83},
	Title = {{ISM Masses and the Star formation Law at Z = 1 to 6: ALMA Observations of Dust Continuum in 145 Galaxies in the COSMOS Survey Field}},
	Volume = 820,
	Year = 2016,
	Bdsk-Url-1 = {http://dx.doi.org/10.3847/0004-637X/820/2/83}}

@article{Turner15,
	Adsnote = {Provided by the SAO/NASA Astrophysics Data System},
	Adsurl = {http://adsabs.harvard.edu/abs/2015Natur.519..331T},
	Archiveprefix = {arXiv},
	Author = {{Turner}, J.~L. and {Beck}, S.~C. and {Benford}, D.~J. and {Consiglio}, S.~M. and {Ho}, P.~T.~P. and {Kov{\'a}cs}, A. and {Meier}, D.~S. and {Zhao}, J.-H.},
	Date-Added = {2017-11-12 02:39:28 +0000},
	Date-Modified = {2017-11-12 02:39:28 +0000},
	Doi = {10.1038/nature14218},
	Eprint = {1503.05254},
	Journal = {\nat},
	Month = mar,
	Pages = {331-333},
	Title = {{Highly efficient star formation in NGC 5253 possibly from stream-fed accretion}},
	Volume = 519,
	Year = 2015,
	Bdsk-Url-1 = {http://dx.doi.org/10.1038/nature14218}}

@article{Walter17,
	Adsnote = {Provided by the SAO/NASA Astrophysics Data System},
	Adsurl = {http://adsabs.harvard.edu/abs/2017ApJ...835..265W},
	Archiveprefix = {arXiv},
	Author = {{Walter}, F. and {Bolatto}, A.~D. and {Leroy}, A.~K. and {Veilleux}, S. and {Warren}, S.~R. and {Hodge}, J. and {Levy}, R.~C. and {Meier}, D.~S. and {Ostriker}, E.~C. and {Ott}, J. and {Rosolowsky}, E. and {Scoville}, N. and {Weiss}, A. and {Zschaechner}, L. and {Zwaan}, M.},
	Date-Added = {2017-11-12 02:39:28 +0000},
	Date-Modified = {2017-11-12 02:39:28 +0000},
	Doi = {10.3847/1538-4357/835/2/265},
	Eid = {265},
	Eprint = {1701.05040},
	Journal = {\apj},
	Keywords = {galaxies: individual: NGC 253, galaxies: ISM, galaxies: starburst, ISM: jets and outflows},
	Month = feb,
	Pages = {265},
	Title = {{Dense Molecular Gas Tracers in the Outflow of the Starburst Galaxy NGC 253}},
	Volume = 835,
	Year = 2017,
	Bdsk-Url-1 = {http://dx.doi.org/10.3847/1538-4357/835/2/265}}
